3746 5175
793 268 956 352 ,274
1221 223 1895 321 ammam
1996 220 2906 317 mancatum

790 385 959 468 dies
995 376 1368 464 &nobles
1402 372 2057 483 intentivigssiis,
2090 371 2488 459 cautiores
2520 369 2810 455 stantes
2842 360 3281 487 vtrobique

789 496 1254 579 faciebant.·
1295 491 1396 571 Et
1432 484 1681 569 Persae
1716 509 2109 610 aggerum
2139 479 2574 567 altitudine
2605 484 2770 564 iam
2806 485 2890 565 in
2933 480 3305 595 sublime]

789 610 1191 721 portet-la,
1232 592 1795 708 machinckque
1827 594 2549 710 mgentishorrore
2583 594 2922 706 perculsi
2957 662 2989 701 ‚
3036 625 3291 709 quam

797 721 1148 808 minores
1168 737 1500 824 quoque
1521 708 2103 818 sequebantur,
2137 736 2423 790 omnes
2452 736 2780 791 exurere
2815 711 2897 790 vi
2932 714 3303 794 maxima-

796 836 1306 921 nitebanturz
1351 836 1433 908 δι
1460 819 1762 904 affidue
1791 823 2235 907 malleolos
2275 818 2528 933 atqu'e
2573 819 3073 905 incendiaria
3124 826 3286 906 tela
3352 838 3394 916 5
3438 854 3447 871 ·

697 960 704 965 ’
795 966 1277 1056 torquentes
1325 934 1806 1022 laborabant
1854 930 2291 1019 ineass'um:
2344 962 2444 1016 ea
2487 932 2854 1049 re=quod
2898 930 3291 1019 humeffl's

798 1058 1074 1142 scortis
1113 1066 1195 1138 δι
1226 1044 1717 1139 centonibus
1746 1073 1975 1133 erant
2006 1073 2310 1159 opertae
2341 1048 2696 1131 materiae
2732 1049 3000 1159 plures
3034 1112 3063 1152 ,
3110 1050 3288 1132 aliae

800 1173 1052 1256 vnEta:
1071 1165 1429 1250 alumine
1447 1159 1883 1354 diliigsgnter
1897 1222 1927 1260 ,
1948 1162 2083 1244 vti
2144 1163 2261 1242 nis
2281 1186 2421 1272 per
2459 1186 2590 1241 eas
2617 1161 3023 1246 laberetur
3043 1163 3289 1244 inno·
3322 1182 3327 1185 ·

795 1289 1001 1371 xius.
1033 1276 1342 1367 Verum
1359 1275 1563 1355 hasa
1712 1298 2055 1358 ouentes
2108 1269 2557 1357 ortitudine
2588 1296 2881 1387 magna
2906 1275 3295 1375 Romani,

802 1400 1001 1480 licet
1019 1390 1354 1475 difficile
1370 1381 1905 1469 defensabant
1927 1450 1955 1487 ,
1973 1413 2249 1469 tamen
2267 1381 2715 1496 cupiditate
2747 1384 3128 1497 potiundi
3142 1414 3295 1501 op-
3328 1400 3437 1474 ω’

3454 436 3491 453 q,

803 1507 1020 1623 pidi,
1045 1533 1146 1587 ne
1168 1523 1541 1614 prompta
1556 1494 1900 1626 quidem
1918 1500 2276 1608 pericula
2289 1501 2956 1585 contemnebant.
2977 1503 3084 1585 Et
3100 1526 3295 1583 con·
3316 1558 3357 1601 -·
3456 1578 3463 1583 .

806 1651 931 1710 tta
953 1637 1594 1730 propugnatores
1608 1675 1633 1711 ‚
1649 1639 1841 1693 cum
1857 1637 2018 1693 tam
2036 1606 2508 1695 discuffurus
2524 1616 2808 1701 turrim
2836 1610 3297 1726 oppofitam

809 1741 1009 1821 aries
1060 1731 1453 1813 maximus
1510 1714 1993 1815 aduentanet
2021 1790 2049 1827 ,
2096 1726 2697 1835 prominentem
2748 1728 2916 1808 eius
2949 1723 3305 1811 ferream

809 1844 1171 1931 frontem
1199 1908 1224 1944 ‚
1242 1868 1421 1952 quae
1441 1864 1718 1920 reuera
1732 1833 2085 1921 formam
2119 1835 2432 1952 effingit
2458 1841 2728 1924 arietis
2745 1904 2773 1941 ,
2819 1864 2989 1924 arte
3018 1838 3303 1923 subtili

809 1963 1345 2071 illaqueatam
1378 1947 1846 2034 altrinsecus
1878 1952 2192 2032 laciniis
2224 1952 2623 2035 retinuere
2653 1951 3166 2065 longiflimis‚
3193 1979 3297 2036 ne
3324 1950 3410 2048 ¹5

813 2067 1407 2185 retrogradiens
1427 2064 1859 2155 resumeret
1885 2067 2087 2146 vires
2105 2129 2133 2166 ‚
2173 2063 2383 2147 nene
2410 2059 2647 2149 ferire
2684 2092 2961 2148 muros
2991 2061 3311 2150 ass‘ulti··

813 2188 962 2270 bus
983 2180 1236 2270 densis
1263 2177 2010 2286 contemplabiliter
2027 2171 2775 2289 poffet,fundentes
2798 2204 3132 2290 quoque
3144 2175 3301 2259 fer-

811 2294 1354 2401 uentiffimam
1375 2291 1638 2401 picem
1658 2323 1676 2368 :
1704 2301 1787 2373 ec
1807 2285 1955 2371 diu
1969 2315 2363 2402 promotae
2379 2289 2774 2373 maehina:
2792 2291 3101 2377 stabant
3118 2354 3146 2391 ‚
3165 2286 3311 2371 sa·-

812 2440 916 2497 xa
937 2409 1284 2505 muralia„
1305 2396 1799 2514 perferentes
1832 2413 1917 2487 δε
1949 2402 2141 2488 tela.
2194 2400 2535 2511 Ia'tmque
2563 2403 2983 2517 aggeribus
3012 2431 3313 2487 exarnus

817 2527 1057 2608 latius
1094 2516 1493 2617 excitatis,
1520 2510 2009 2619 defensores,
2036 2516 2121 2597 ni
2141 2514 2620 2630 vigilassent,
2638 2518 2980 2601 exitium
3005 2514 3299 2601 adfore
3326 2530 3445 2587 220-

813 2640 978 2719 iam
999 2634 1395 2748 sperantes
1411 2688 1433 2721 ‚
1459 2634 1542 2712 in
1561 2626 1987 2712 audaciam
2004 2631 2230 2714 ruere
2247 2634 2781 2739 praecipitem:
2824 2643 2908 2717 δι
2942 2635 3297 2743 repenti.

819 2778 928 2832 no
948 2745 1284 2832 decursu
1303 2746 1552 2854 portis
1573 2739 1790 2832 effusi
1809 2807 1838 2846 ‚
1855 2739 2316 2854 primosque
2347 2740 2617 2825 adorti
2646 2744 3100 2828 nostrorum
3116 2807 3157 2844 ‚.
3172 2741 3307 2827 fa-

820 2890 954 2945 ees
992 2857 1436 2969 fitellisque
1468 2851 1764 2937 ferreas
1791 2859 2110 2938 onustas
2140 2853 2459 2968 ignibus
2489 2858 2573 2938 in
2606 2860 2943 2942 arietem
2990 2859 3305 2971 magnis

823 2976 1124 3058 viribus
1141 2969 1572 3053 iaciebant.
1606 2965 1912 3051 ven‘un
1934 2968 2589 3081 postambiguam
2623 2971 3301 3081 przlijvinutem,

743 3165 748 3170 .
826 3086 1152 3199 plurimi
1174 3082 1375 3164 nihil
1395 3084 1826 3189 impetrato
1843 3083 2052 3165 intra
2067 3084 2366 3163 moenia
2384 3084 2908 3191 repelluntur.
2948 3081 3303 3196 moxque
3328 3117 3424 3198 25

821 3227 925 3281 ex
943 3195 1367 3310 aggeribus
1389 3221 1592 3304 quos
1613 3219 2033 3292 erexerant
2049 3196 2409 3279 Romani
2427 3257 2454 3295 ,
2470 3191 2723 3277 iidem
2745 3196 2991 3282 Persae
3012 3224 3302 3309 propu-

827 3311 1190 3426 gnaculis
1208 3305 1646 3390 infistentes
1664 3370 1687 3407 ,
1713 3301 2014 3419 sagittis
2029 3301 2617 3398 incessebamur
2631 3321 2715 3393 δι
2734 3306 3009 3393 fundis
3027 3376 3054 3413 ‚
3083 3305 3304 3396 telis·

827 3453 992 3536 que
1010 3416 1367 3536 igniferis
1393 3454 1412 3502 ε
1437 3445 1613 3528 quat
1639 3446 1777 3527 per
1793 3438 2271 3531 tegumenta
2302 3421 2637 3506 turrium
2652 3425 3081 3508 volitantia
3100 3491 3125 3527 ‚
3152 3450 3310 3564 1³²³

826 3539 1014 3622 ratis
1038 3537 1178 3647 qui
1197 3530 2283 3643 restinguerent‚pler1'1mque
2303 3534 2520 3617 irrita
2536 3536 3031 3623 labebantur.
3054 3542 3317 3624 Cum*

851 3735 860 3746 ,
891 3643 1422 3758 υόρειιιείοτεε
1443 3645 1878 3754 vtrobique
1912 3641 2195 3728 fierent
2221 3647 2653 3740 bellatores
2675 3713 2698 3749 ,
2727 3649 3101 3756 &Persae
3131 3677 3299 3736 ttu-
3319 3685 3449 3768 30·-

827 3679 1215 3843 derentur
1232 3756 1338 3842 ad
1360 3759 1641 3840 vltima
1658 3819 1684 3859 ,
1703 3760 1785 3836 ni
1804 3758 2079 3867 potior
2094 3758 2303 3843 ratio
2320 3757 2815 3845 suecu'ttiffet
2833 3825 2857 3865 ,
2876 3762 3304 3876 impensio·

827 3901 913 3956 re
931 3898 1176 3985 opera
1198 3866 1611 3980 procursus
1629 3872 2100 3954 tentabatur
2112 3898 2215 3956 ex
2232 3872 2499 3958 eastris
2520 3887 2647 3959 2&
2666 3876 3310 3986 eruptionefinbi·

830 4013 915 4071 ta
951 3980 1490 4068 multitudinis
1518 3976 1727 4064 faeta
1748 4048 1774 4085 ,
1809 3984 2018 4066 inter
2046 4011 2397 4070 armatos
2438 3991 2584 4096 qui
2617 3975 3052 4098 portabant
3076 3992 3313 4101 ignes

830 4096 1359 4209 amplioribus
1379 4092 1769 4182 ordinatis
1792 4163 1814 4198 ‚
1835 4096 2340 4200 iaciebantur
2354 4101 2637 4188 corbes
2654 4104 2737 4184 in
2758 4103 3124 4187 materias
3141 4099 3310 4185 fer-

829 4242 985 4298 rea:
1004 4212 1258 4322 plenae
1276 4206 1781 4328 flammarum
1802 4273 1825 4310 ,
1845 4219 1930 4294 δι
1944 4206 2338 4297 sarmenta
2355 4274 2380 4311 ,
2399 4209 2723 4323 aliaque
2741 4213 2848 4298 ad
2870 4219 3091 4330 ignes
3107 4242 3309 4300 con-
3330 4243 3419 4324 35

828 4321 1249 4436 clpiendos
1274 4319 1687 4433 aptiffima.
1729 4324 1835 4404 Et
1849 4324 2045 4431 quia
2066 4323 2579 4436 conspe'ffitm
2600 4328 3093 4436 abstulenant
3104 4324 3312 4412 fumi

829 4438 1282 4572 nigerrimae
1297 4436 1550 4526 nubes
1568 4497 1596 4539 ,
1621 4429 1943 4524 clamen
1958 4439 2477 4561 *excitantem
2506 4467 2909 4557 pugnam,
2945 4443 3311 4559 legiones

3479 3251 3523 3269 Ὦ
