3746 5175
868 195 1023 296 376
1275 173 1355 259 A
1380 168 1601 260 MM
1623 157 1861 261 IAN
1873 165 1932 255 1³
2015 167 2129 257 'M
2152 164 2446 260 KRC.
2462 161 2764 273 EL'LJ
2785 176 2870 261 N
2892 173 2930 258 1
2973 257 2987 264 ,
3291 283 3298 286 -

740 401 746 410 .
861 324 1343 418 conditione
1365 320 1768 434 propofita
1788 315 2526 408 'iuuenibusn‘rultis
2558 317 2972 405 habilibus
3001 319 3106 406 ad
3143 307 3368 408 min-'l‘

865 447 1095 543 tiam,
1116 435 1527 524 discedere
1559 430 1899 548 permisti
1929 434 2110 518 sunt
2131 439 2490 520 Saxones
2512 502 2535 539 ,
2571 429 2732 517 fine
2764 435 3370 545 impedimento·

868 558 1088 644 vnde
1107 577 1495 638 venerant
1528 551 1939 633 reuersuri.
1974 550 2303 664 Qbus
2321 543 2550 631 omni
2580 553 2743 631 iam
2766 545 3202 633 formidine
3220 580 3362 634 va·

870 675 1045 756 ouis
1065 665 1417 752 reditum
1481 692 1582 746 ue
1604 665 2098 776 parantibuz
2117 664 2444 750 occulte
2473 661 2787 773 pedites
2805 660 3005 766 miffi
3041 663 3360 747 infidias

869 788 956 868 in
973 783 1250 870 abdira
1273 810 1436 892 qua
1499 808 1631 861 am
1648 778 1861 862 valle
1881 776 2356 890 struxerunt,
2377 775 2594 861 vnde
2614 803 3178 888 praetereuntes
3213 776 3374 860 a'd:
3415 798 3454 879 5
3483 785 3492 794 ’

933 895 1106 981 redi
1126 898 1462 1009 negotio
1482 919 1857 1005 poterant
1891 893 2048 972 leui
2070 926 2090 973 z
2110 885 2253 983 sed
2275 893 2523 1006 longe
2557 888 2778 973 secus
2796 887 3098 975 accidit
3119 891 3366 1003 quam

873 929 1368 1126 sperabatur.
1417 1009 1706 1092 Sonitu
1745 1009 1965 1088 enim
2012 1001 2634 1088 aduentantium
2684 1006 2964 1113 perciti
3014 1009 3366 1090 exiluere

878 1122 1220 1240 quidam
1242 1115 2162 1232 intempestiue‚visique
2182 1114 2444 1202 subito
2470 1116 2665 1200 dum
2690 1115 2765 1197 se
2799 1115 3110 1199 firmare
3142 1115 3369 1201 festi-

744 1241 747 1244 ’
876 1266 1081 1342 nant
1098 1236 1595 1321 vlulantibus
1613 1233 1956 1348 lugubre
1979 1229 2326 1312 barbaris
2352 1231 2863 1316 vertunturin
2882 1228 3152 1341 pedes.
3183 1237 3386 1316 Ste··

881 1355 1053 1442 tere
1072 1375 1347 1436 tamen
1382 1375 1576 1429 mox
1594 1346 2111 1460 conglobati,
2142 1344 2669 1456 extremaque
2703 1341 2914 1428 sorte
2937 1347 3139 1426 vires
3175 1347 3372 1429 lieet
3421 1372 3510 1428 ιο

881 1495 1050 1550 non
1069 1469 1419 1576 integras
1435 1458 1914 1575 suggerente
1934 1456 2375 1571 confligere
2395 1457 2931 1570 cogebantur:
2952 1456 3377 1569 multique

883 1578 1108 1664 caede
1143 1574 1475 1687 perculfi
1512 1569 2045 1658 concidissent
2074 1573 2300 1653 nullo
2339 1574 2657 1671 reli&0,
2696 1573 2777 1651 ni
2813 1567 3420 1682 cataphtasto-'

883 1719 1066 1777 rum
1083 1692 1457 1800 equitum
1477 1715 1774 1771 cuneus
1794 1751 1815 1789 ,
1833 1685 1939 1768 ad
1957 1680 2470 1767 inferendum
2490 1687 2940 1797 periculum
2957 1682 3384 1769 transeun-

887 1810 1101 1894 tibus
1141 1804 1494 1885 barbaris
1528 1828 1629 1886 ex
1662 1803 1819 1891 ali'o
1840 1802 2089 1883 latere
2122 1823 2375 1908 prope
2392 1797 2836 1886 diuortium
2869 1801 3170 1883 itineris
3207 1802 3390 1909 pari

890 1917 1883 2017 modolocatus‚clamore
1907 1914 2250 2024 percitus
2284 1911 2825 2025 tristigagiliter
2858 1908 3383 1997 subuenisset.
3429 1933 3506 2019 ις

893 2037 1103 2122 Exin
1123 2027 1602 2120 concursum
1620 2022 2501 2137 infestiuS,firmatisque
2519 2025 2967 2136 pastoribus
2986 2024 3408 2108 hincinde.

891 2146 1456 2248 incumbentes
1497 2141 1849 2226 Romani
1888 2136 2196 2222 clausos
2247 2136 2510 2221 hostes
2558 2138 2860 2221 eduffis
2898 2138 3190 2253 gladiis
3228 2143 3397 2225 ob-

845 2260 1426 2362 struucabant:
1463 2282 1616 2337 nec
1648 2250 2078 2367 quisquam
2113 2279 2395 2333 eorum
2429 2255 2818 2365 genitales
2850 2250 3196 2334 reuisere
3233 2281 3401 2365 po·-

813 2375 817 2384 '
874 2365 1056 2464 'tuit
1077 2372 1425 2468 lares,ne
1443 2394 1603 2450 vno
1623 2362 1961 2478 quidem
1986 2362 2339 2451 caedibus
2371 2367 3070 2476 concorporalium
3110 2366 3403 2478 super-

897 2481 1053 2566 effe
1074 2479 1470 2595 permisso.
1511 2485 1639 2565 Ac'
1660 2481 2108 2564 licetiustus
2131 2475 2464 2591 quidam
2480 2482 2775 2563 arbiter
2791 2473 3405 2564 rerumfastum
3447 2477 3552 2554 ιδ

897 2595 1301 2683 incusabit
1337 2593 1734 2703 perfidum
1770 2607 1849 2680 δι
1889 2589 2261 2677 deforme
2293 2658 2316 2695 ,
2355 2591 2684 2702 pensato
2731 2622 3003 2679 tamen
3038 2600 3411 2708 negotio

899 2741 1066 2795 non
1102 2706 1312 2792 feret
1357 2707 1690 2821 indigne
1724 2775 1749 2810 ‚
1794 2736 2122 2790 manum
2159 2709 2561 2790 latronum
2605 2710 3012 2791 exitialem
3049 2705 3422 2792 tandem

901 2827 1137 2935 copia
1174 2820 1359 2904 data
1395 2850 1744 2932 capram.
1812 2821 2000 2921 Post
2033 2824 2202 2905 haec
2235 2824 2345 2903 ita
2377 2818 2742 2932 prospere
2779 2818 3366 2906 consummata
3393 2836 3432 2928 ,ἲ

901 2937 1521 3021 Valentinianus
1542 2933 1932 3017 versando
1953 2932 2381 3018 sententias
2400 2932 2964 3036 multiformes,
2982 2940 3232 3035 anxia
3257 2935 3428 3019 sol-

899 3048 1326 3133 licitudine
1353 3047 1920 3160 stringebatur:
1946 3064 2319 3160 reputans
2341 3050 2597 3131 multa
2616 3062 2693 3132 <Sc
2713 3036 3428 3159 circumspiciens,
3464 3072 3560 3151 25-

903 3162 1197 3274 quibus
1221 3165 1700 3243 commentis
1724 3163 2371 3259 Alamannorum
2390 3174 2471 3246 Bc
2497 3164 2892 3246 Macriani
2928 3166 3138 3275 regis
3177 3160 3434 3246 fran-

903 3302 1136 3390 geret
1153 3271 1418 3375 fastuS,
1441 3275 1595 3355 fine
1618 3274 1775 3356 fine
1809 3278 1938 3355 vel
1963 3273 2217 3357 modo
2252 3303 2425 3356 rem
2447 3282 2905 3361 Romanam
2931 3279 3440 3387 irrequietis

905 3389 1264 3473 motibus
1284 3384 1913 3471 confundentes.
1955 3392 2338 3471 Immanis
2357 3392 2576 3469 enim
2613 3393 2838 3472 natio
2873 3391 3028 3471 iam
3063 3389 3288 3473 ind-e
3323 3394 3456 3478 ab'

902 3502 1413 3585 incunabulis
1433 3504 1698 3611 primis
1724 3506 2105 3586 varietate
2145 3502 2472 3586 casuum
2504 3506 2957 3608 imminuta,
2975 3507 3098 3585 itit
3125 3501 3446 3627 saepius

903 3614 1295 3698 adolescit
1317 3643 1444 3715 ,vr
1470 3612 1692 3695 fuiffe
1725 3608 1987 3727 longis
2024 3613 2323 3699 saeculis
2355 3616 3227 3707 existimeturffntaaa.
3259 3627 3448 3705 -Se-
3475 3661 3562 3741 30
3665 3604 3666 3645 ⁷

892 3727 1204 3837 dirque
1219 3728 1539 3809 confilia
1559 3731 1709 3809 alia
1732 3730 2071 3840 postalia
2094 3733 2569 3841 Imperatori
2605 3724 3455 3848 probank'issurgun-

864 3938 879 3945 ἐ
907 3837 1086 3921 dios
1106 3845 1188 3921 in
1210 3870 1494 3925 eorum
1525 3844 1857 3925 excitari
1891 3843 2782 3957 perniciembellicosos
2804 3856 2926 3946 ,ἐξ
2949 3846 3241 3929 turbae
3277 3853 3457 3933 ima·

908 3950 1199 4036 mensae
1236 3954 1532 4034 viribus
1568 3954 1988 4060 affluentes
2021 4022 2045 4059 ,
2107 3958 2463 4068 ideoque
2487 3954 2982 4054 'metuendus
3005 3955 3466 4047 {finitimis

905 4066 1309 4150 vniuerfis.
1337 4066 1759 4151 Scribebat
1826 4107 1844 4160 ς
1881 4065 2468 4180 frequenter-ad
2490 4082 3207 4184 eorumregesjpet
3229 4082 3466 4160 caci·-

909 4207 1186 4269 turnos
1211 4178 1604 4290 quosdam
1627 4193 1708 4265 δι
1731 4182 1779 4262 fi
1845 4210 1934 4262 os
1958 4245 1981 4281 ‚
2009 4182 2396 4267 vtiisdern
2414 4211 2782 4296 tempore
2801 4182 3286 4296 praestituto
3321 4190 3466 4277 su·-
3495 4218 3562 4301 35

816 4298 821 4303 ’
901 4288 1453 4402 'pei-uenirent,
1477 4297 1886 4403 pollicitus
1909 4299 1926 4372 i
1936 4294 2067 4403 pse
2089 4297 2774 4409 queque-transito
2791 4304 3090 4386 cum-R
3103 4312 3468 4391 omanis

908 4406 1365 4522 agminibus
1388 4408 1686 4497 Rheno
1704 4409 2490 4526 occurrerep‘auidis,
2513 4406 2831 4529 ‘pondus
2845 4416 3134 4499 armo*
3219 4402 3270 4431 '⁵
3333 4427 3470 4507 via

2727 4540 2744 4561 ⁸
3023 4540 3270 4624 'tant
3429 4562 3466 4625 s
