3746 5175
794 361 801 366 ,
2494 347 2498 354 -
2743 346 2750 354 .
2819 290 2975 387 481

474 406 993 498 circenfium
1015 469 1036 509 ,
1058 416 1143 493 δι
1157 399 1851 518 amphitheatrum
1866 472 1894 513 ,
1911 431 2006 494 vt
2022 409 2270 498 etiam
2283 407 2333 492 ὅ,
2354 411 2748 497 Romanis
2768 416 2978 501 Tra·
3013 461 3022 482 ·

470 534 703 633 janus
737 524 870 603 vel
904 522 1524 608 Valentinianus
1562 586 1589 624 ‚
1635 549 1987 634 quorum
2037 549 2411 634 tempora
2458 523 2787 610 sectatus
2820 528 3010 634 est,·

472 637 1023 749 appellaretur
1052 648 1133 720 δε
1167 632 1214 717 a
1257 635 1563 721 Gothis
1588 633 2041 719 secundum
2078 634 2435 720 edietum
2464 639 2692 722 suum
2731 671 2978 752 quem

481 756 596 834 eis
631 749 1050 833 constituit
1095 776 1233 832 rex
1263 744 1730 834 fortissimus
1752 751 1839 832 in
1873 751 2253 833 omnibus
2287 749 2806 836 iudicaretur.
2841 755 2980 839 hie

368 873 421 979 '5
482 862 683 948 dum
716 864 1166 948 inliteratus
1182 858 1418 965 effer,
1446 860 1696 948 tantae
1715 861 2119 975 sapientiae
2134 862 2344 968 fuit,
2372 892 2463 950 vt
2490 867 2766 976 aliqua
2803 897 2982 980 quae

482 980 806 1060 locutus
828 975 938 1058 est
956 977 1042 1084 in
1063 977 1315 1090 vulgo
1331 974 1584 1087 vsque
1620 1004 1839 1059 nunc
1864 1006 2019 1089 pro
2057 977 2451 1086 sententia
2483 976 2982 1083 habeantur,

478 1088 697 1175 vnde
730 1118 878 1173 nos
912 1111 1081 1180 non
1115 1092 1340 1206 piget
1367 1092 1639 1202 aliqua
1670 1088 1773 1174 de
1808 1091 2084 1175 multis
2120 1095 2289 1182 eius
2321 1091 2689 1202 posuisse.
2744 1095 2984 1206 Dixit

478 1233 763 1289 autum
784 1215 867 1291 δε
888 1201 1345 1288 daemonem
1365 1206 1506 1314 qui
1520 1204 1804 1307 habet,
1822 1233 1992 1288 non
2010 1234 2200 1287 eum
2236 1205 2497 1316 potest
2513 1206 2614 1286 ab
2625 1202 2984 1290 foedere.

479 1324 696 1404 Item
731 1322 1155 1405 Romanus
1190 1315 1424 1400 miser
1455 1321 1823 1402 imitatur
1853 1317 2274 1420 Gothum,
2311 1331 2394 1403 δι
2416 1320 2626 1402 vtilis
2649 1319 2984 1406 Gothus

323 1430 434 1511 ἰο
476 1435 847 1520 imitatur
886 1436 1389 1524 Romanum.¹
1463 1429 1800 1542 quidam
1850 1428 2279 1536 defunCtus
2311 1434 2420 1516 est
2454 1498 2480 1535 ‚
2530 1444 2614 1517 δε
2649 1435 2985 1543 reliquit

480 1573 865 1646 onrem,
891 1556 973 1630 δε
995 1546 1429 1654 paruulum
1444 1541 1705 1626 filium
1734 1541 2229 1628 nescientem
2266 1573 2629 1630 matrem.
2669 1549 2806 1644 Ab
2847 1548 2987 1628 ali-

446 1677 457 1692 “
480 1688 651 1772 quo
672 1657 1025 1743 sublatus
1044 1656 1152 1737 est
1170 1654 1377 1740 filius
1396 1651 1567 1740 ei'u‘s
1589 1659 1963 1767 paruulus
1980 1722 2005 1759 ‚
2032 1668 2114 1742 δε
2136 1654 2370 1740 datus
2406 1662 2491 1739 in
2527 1661 2769 1741 aliam
2801 1687 2985 1771 pro·

482 1775 840 1855 uinciam
864 1837 890 1874 ‚
905 1782 991 1856 δε
1007 1765 1403 1882 educa'tus
1423 1835 1448 1871 ,
1475 1766 1727 1852 faetus
1748 1772 2061 1854 iuuenis
2081 1770 2681 1881 quoquomodo
2723 1802 2985 1854 reuer-

487 1882 805 1991 titur-ad
822 1911 1464 1968 matrem.mater
1481 1887 1701 1964 enim
1716 1886 1883 1965 iam
1902 1881 2439 1994 desponderat
2455 1886 2741 1967 virum.
2763 1885 2985 1974 ,Cum

349 2031 430 2108 15
500 1995 811 2081 vidiffet
849 2024 1112 2080 mater
1145 1998 1656 2108 ampleffltur
1704 1995 1961 2079 filium
1993 2062 2019 2099 ‚
2059 1995 2547 2080 benedicens
2587 2002 2864 2083 Deum
2905 2001 2986 2082 se
3042 2023 3049 2031 ·

498 2111 755 2195 filium
772 2105 1142 2194 reuidisse
1161 2173 1187 2210 ‚
1210 2122 1290 2196 &
1312 2106 1513 2195 fecit
1534 2139 1725 2193 cum
1743 2139 1845 2190 eo
1883 2108 2054 2194 dies
2083 2138 2271 2192 xxx.
2309 2121 2390 2195 ἂι
2420 2138 2622 2192 ecce
2655 2115 2985 2195 veniens

426 2245 441 2254 ‘
494 2223 819 2338 sponsus
852 2224 1127 2308 matris
1162 2220 1446 2307 videns
1482 2229 1877 2308 quenem
1909 2290 1935 2327 ‚
1967 2226 2499 2336 interrogauit
2526 2227 2708 2335 quis
2746 2221 2942 2310 esset
2964 2290 2987 2327 ‚

494 2367 677 2452 qua:
710 2334 1122 2449 respondit
1152 2335 1307 2436 effe
1338 2334 1571 2418 suum
1603 2336 1890 2420 filium.
1950 2343 2070 2422 At
2101 2339 2239 2422 vbi
2273 2342 2673 2449 competit
2701 2336 2856 2420 effe
2892 2340 2991 2421 fi-

484 2456 695 2535 lium
711 2453 881 2533 eius
904 2454 1198 2560 ‚eoepit
1217 2477 1575 2560 repetere
1600 2479 1806 2532 atras
1845 2464 1929 2535 &
1963 2448 2272 2551 dicere,
2308 2475 2450 2535 aut
2483 2479 2692 2565 nega
2726 2450 2989 2536 filium

347 2608 455 2661 κο
489 2594 727 2652 tuum
763 2560 917 2648 effe
939 2592 1122 2668 ,aut
1154 2567 1348 2648 vero
1388 2562 1734 2647 abscede
1754 2562 1942 2647 fine.
1986 2566 2293 2648 Mulier
2327 2569 2847 2676 compellitur
2879 2567 2983 2650 ab

490 2678 779 2793 sponso
801 2744 824 2781 ,
847 2691 928 2763 δι
948 2708 1075 2761 coe
1133 2681 1198 2762 it
1213 2705 1505 2791 negare
1531 2679 1784 2760 filium
1805 2705 2056 2788 quem
2075 2677 2240 2789 ipsa
2260 2675 2448 2759 ante
2469 2676 2824 2762 confessa
2843 2679 2984 2779 est,
3047 2712 3052 2723 “

496 2792 902 2880 aedicere.
925 2798 1051 2874 Va
1112 2820 1157 2873 e
1178 2794 1491 2873 iuuenis
1509 2789 1612 2875 de
1636 2790 1896 2874 domo
1911 2794 2330 2903 mea,quia
2362 2794 2872 2904 peregrinum
2906 2820 2992 2877 te
3101 2851 3120 2863 ·

492 2905 821 3016 suscepi.
884 2907 1035 2988 Ille
1053 2909 1271 2986 enim
1296 2899 1628 2989 dicebat
1647 2903 2074 3018 regressum
2098 2903 2174 2985 se
2209 2903 2316 2985 ad
2348 2930 2690 2984 matrem
2724 2908 2804 2986 in
2833 2905 2990 2987 do-

493 3048 718 3104 mum
740 3022 977 3130 patris
1000 3016 1138 3099 sui.
1182 3014 1418 3212 Qsid
1453 3020 1758 3102 multa?
1800 3016 1997 3100 dum
2036 3017 2209 3101 haec
2240 3016 2842 3129 aguntur,filius
2859 3047 2994 3101 ro·

362 3162 455 3241 κς
546 3137 713 3217 auit
735 3160 1010 3245 regem
1028 3129 1276 3212 aduer
1312 3159 1403 3211 us
1424 3158 1764 3215 matrem
1785 3196 1809 3231 ‚
1831 3123 2080 3241 quem
2113 3128 2481 3233 rexiuffit
2508 3130 2993 3243 incospec‘tu

528 3275 640 3330 uo
662 3244 810 3330 fisti
838 3280 856 3327 ε
884 3249 1017 3327 cui
1040 3258 1121 3329 δι
1145 3244 1383 3327 dixit.
1418 3247 1724 3329 Mulier
1743 3309 1766 3346 ,
1804 3243 2012 3326 filius
2037 3271 2218 3326 tuus
2237 3240 2611 3327 aduersus
2630 3273 2709 3329 te
2729 3274 2992 3360 rogat,

493 3357 697 3473 quid
723 3358 971 3443 dicis?
997 3356 1107 3439 est
1127 3358 1330 3439 filius
1354 3384 1531 3442 tuus
1564 3380 1882 3442 annon?
1905 3386 2079 3468 quae
2100 3355 2306 3439 dixit
2328 3419 2353 3456 ‚
2386 3362 2586 3442 Non
2620 3360 2731 3441 est
2767 3380 2993 3441 meus

493 3474 703 3557 filius
725 3537 748 3568 ,
774 3467 913 3552 sed
936 3472 1442 3583 peregrinum
1465 3468 1797 3583 suscepi.
1834 3482 1916 3555 δε
1939 3469 2137 3554 dum
2158 3498 2295 3581 per
2313 3468 2688 3555 ordinem
2721 3476 2994 3565 omnia

493 3587 704 3670 filius
729 3586 1081 3665 mulieris
1100 3582 1534 3668 intimasset
1553 3588 1632 3666 in
1653 3586 1974 3667 auribus
1993 3588 2196 3698 regis
2216 3649 2240 3683 ,
2267 3579 2808 3678 dicitmulieri
2847 3584 2994 3667 de-

348 3749 447 3830 3.
499 3710 705 3781 nuc.
725 3698 854 3781 Est
882 3694 1085 3779 filius
1107 3726 1286 3779 tuus
1306 3763 1329 3798 ‚
1354 3720 1668 3782 annon?
1691 3727 1868 3809 quae
1888 3696 2094 3781 dixit
2115 3762 2135 3796 ,
2164 3702 2361 3782 Non
2384 3696 2493 3778 est
2517 3696 2721 3777 filius
2739 3726 2993 3780 meus·

502 3816 746 3899 Dicit
763 3814 838 3891 ei
863 3814 1043 3896 Rex
1066 3877 1085 3909 ,
1112 3824 1193 3894 δι
1215 3841 1392 3920 quae
1426 3811 1537 3891 est
1565 3806 1917 3895 facultas
1951 3838 2090 3893 tua
2127 3811 2652 3919 mulieraquae
2672 3810 2998 3936 respon·

499 3924 891 4036 dirvsque
926 3922 1031 4005 ad
1069 3928 1287 4004 mille
1326 3921 1651 4004 solidos.
1692 3937 1772 4009 δι
1809 3920 2007 4005 dum
2046 3920 2263 4004 aliud
2299 3917 2456 4003 sese
2500 3951 2664 4003 non
2697 3924 2848 4006 esse
2874 3922 2999 4006 fa-

507 4042 824 4137 Cturum
843 4033 984 4117 sub
1005 4035 1455 4118 iusiurando
1478 4039 1888 4147 pollicitus
1924 4037 2063 4118 nisi
2095 4034 2347 4148 ipsum
2379 4064 2541 4116 non
2581 4038 2826 4117 alium
2862 4068 3001 4119 ac-

320 4258 327 4263 ·
499 4156 808 4261 ciperet
850 4154 1258 4233 maritum.
1351 4153 1591 4233 Tunc
1626 4145 1966 4232 confusa
1998 4149 2108 4233 est
2141 4151 2429 4231 mulier
2462 4211 2487 4247 ,
2525 4162 2605 4233 δι
2639 4141 3004 4233 confessa

360 4315 441 4395 35
507 4264 621 4345 est
656 4262 882 4343 suum
922 4260 1072 4343 esse
1111 4262 1394 4372 filium.
1435 4260 1614 4346 sunt
1646 4268 1813 4343 eius
1850 4275 1933 4346 δι
1967 4267 2227 4346 multa
2266 4264 2447 4345 alia.
2486 4263 2771 4359 Postea
2795 4266 3000 4346 verb

513 4380 831 4484 accepit
868 4404 1201 4457 vxorcm
1237 4374 1341 4456 de
1392 4380 1711 4477 Francis
1765 4378 2092 4465 nomine
2128 4372 2705 4488 Angoflcdam.
2777 4380 3007 4462 Nam

516 4516 859 4605 yxotem
876 4487 1165 4576 habuit
1187 4517 1375 4574 ante
1392 4515 1733 4603 regnum
1751 4488 1853 4573 de
1875 4519 2040 4605 qua
2058 4487 2504 4605 susceperat
2519 4488 2745 4603 filias,
2765 4516 3009 4576 vnam
3075 4482 3082 4493 ’

2435 4603 2645 4715 ΡΡΡ
