3746 5175
899 135 1056 285 ‘31⁸'
1288 121 1952 249 ‘AMM1AN1
2062 111 2966 253 MARcEter

890 310 1001 397 die
1026 309 1243 395 bella
1262 307 1680 393 barbarica
1701 306 2092 389 narraturi
2121 341 2140 387 z
2165 308 2562 416 quoniam
2596 306 2986 417 pleraque
3008 316 3092 392 δι
3108 304 3196 391 in
3214 306 3400 398 Oe:

874 423 1332 526 cidentali,
1354 435 1435 508 &t
1454 424 1537 502 in
1563 427 1738 506 Eoo
1757 422 1960 504 orbe
1979 417 2263 501 iisdem
2286 417 2684 500 mensibus
2706 417 3265 507 suntaffitata:
3293 452 3398 506 ne

888 537 1092 622 dum
1109 566 1207 623 ex
1227 541 1415 628 loco
1433 530 1779 617 subinde
1797 533 2206 617 saltuatim
2226 530 2488 621 redire
2501 528 2969 614 festinamus
2987 537 3396 640 inlocum,

885 656 1169 737 omnia
1189 645 1794 746 confundentes
1812 713 1836 749 ‚
1860 643 2386 757 squaliditate
2404 647 2754 728 maxima
2771 673 3034 730 rerum
3069 647 3396 736 ordines

868 768 1426 878 implicemus.
1463 760 1615 847 lnfi
1677 765 2074 875 nigenere
2099 762 2541 871 Procopius
2579 764 2664 840 in
2704 761 3003 845 Cilicia
3038 788 3274 847 natus
3311 775 3459 881 ὕες

883 877 1310 980 educatus,
1338 905 1432 959 ea
1447 904 1607 961 con
1671 873 2097 958 deratione
2117 939 2140 975 ,
2168 901 2331 986 qua
2347 875 2958 984 propinquitate
2983 878 3399 962 Iulianum
3479 875 3500 892 ''

880 1010 994 1105 fpo
1004 992 1160 1076 stea
1182 993 1651 1103 Principem
1665 987 2202 1101 contingebat
2219 1052 2242 1088 ,
2269 984 2313 1070 a
2329 990 2588 1097 primo
2609 984 2864 1100 gradu
2881 989 3174 1073 eluxit:
3203 1002 3289 1075 δε
3307 1016 3400 1077 vt

880 1111 1055 1192 vita
1074 1101 1601 1215 moribusque
1620 1101 1805 1187 casti
1869 1106 2079 1184 atior
2099 1167 2125 1202 ,
2150 1104 2346 1185 licet
2367 1103 2740 1183 occultus
2761 1129 2933 1185 erat
2957 1114 3040 1186 δέ
3058 1106 3400 1188 tacitur-

878 1245 1060 1323 nus,
1084 1222 1475 1307 Notarius
1496 1218 1637 1299 diu
1656 1132 2215 1329 persgpicaeiter
2236 1216 2592 1311 militans
2611 1227 2691 1299 δε
2713 1216 3124 1298 Tribunus
3143 1254 3168 1319 ‚-
3191 1215 3390 1301 iam-

882 1361 1045 1445 que
1065 1331 1595 1416 summatibus
1631 1332 2040 1443 proximus
2065 1394 2086 1432 ,
2110 1328 2283 1439 post
2305 1327 2762 1431 Constantij
2785 1328 3107 1411 obitum
3137 1332 3219 1413 in
3255 1359 3384 1414 re·
3431 1339 3523 1430 [ρ’

875 1475 1063 1530 rum
1082 1444 1871 1549 conuersione,velut
1895 1445 2412 1555 Imperatoris
2444 1444 3110 1554 cognatus,altius
3126 1444 3387 1526 anhe·
3523 1446 3530 1452 ’

878 1561 1112 1644 labat
1130 1627 1152 1665 ,
1175 1557 1595 1643 adiunaus
1615 1556 2030 1642 consortio
2055 1559 2526 1642 Comitum:
2554 1568 2637 1639 δι
2655 1556 3394 1666 apparebateum‚fi

879 1700 1247 1785 vnquam
1272 1666 1861 1784 potuisset,fore
1875 1672 2177 1783 quietis
2198 1669 2545 1781 publicat
2563 1670 3069 1753 turbatorem
3084 1674 3392 1756 :Hunc

877 1785 1684 1873 Iulianus-Persidem
1721 1781 2220 1898 ingrediens»,
2256 1780 2728 1867 consociato
2762 1775 2922 1894 pari
2966 1781 3391 1894 potestatis

877 1902 1055 1983 iure
1078 1899 1547 1987 Sebastiano
1566 1965 1593 2001 ,
1615 1905 1697 1982 in
1720 1898 2325 2009 Mesopotamia
2346 1923 2533 1979 cum
2551 1925 2794 1979 manu
2817 1898 3172 1980 militum
3189 1901 3383 1980 reli·
3421 1917 3504 2002 ις

874 2041 1172 2123 querat
1190 2014 1495 2098 valida:
1522 2009 2107 2124 mandaratque
2127 2036 2258 2104 ,vt
2277 2006 2703 2095 susurrauit
2720 2007 3134 2109 obscurior
3150 2006 3396 2096 fama

796 2203 801 2208 .
876 2135 1154 2228 (nemo
1176 2130 1387 2212 enim
1412 2126 1599 2237 dieti
1620 2128 1891 2208 anaor
1909 2127 2180 2211 extitit
2200 2151 2427 2208 verus
2427 2133 2463 2225 )
2478 2151 2622 2234 pro
2642 2125 3162 2239 cognitorum
3179 2154 3398 2237 age-

868 2267 1000 2324 ret
1020 2266 1247 2326 textu
1266 2306 1289 2343 ‚
1316 2255 1397 2326 &t
1420 2238 1470 2321 fi
1492 2238 1827 2325 subsidia
1846 2243 1958 2321 rei
1983 2244 2374 2338 Romana:
2396 2231 2779 2351 languisse
2799 2235 3179 2346 sensisset,
3211 2242 3251 2321 1
3262 2268 3394 2322 m·

866 2381 1333 2466 potatorem
1365 2357 1387 2434 i
1394 2353 1528 2465 pse
1546 2352 1622 2436 se
1642 2353 2108 2464 prouideret
2126 2381 2371 2464 ocyus
2403 2354 2869 2462 nuncupari.
2907 2354 3396 2472 Qinjun-

867 2470 996 2550 &a
1016 2469 1359 2552 ciuiliter
1394 2496 1640 2583 agens
1676 2482 1759 2555 δε
1789 2495 2023 2554 caute
2045 2531 2068 2568 ,
2111 2468 2405 2550 Iuliani
2436 2465 2782 2549 le'taliter
2809 2466 3218 2549 vulnerati
3239 2463 3390 2549 fu·
3428 2467 3540 2556 ω’

855 2609 1017 2689 «ειυς
1039 2647 1060 2683 ,
1083 2596 1165 2669 &t
1202 2580 1304 2666 ad
1338 2581 1690 2696 regenda
1729 2583 2197 2666 communia
2243 2581 2645 2690 comperit
2704 2580 3136 2667 Iouianum
3171 2610 3399 2680 eue-

860 2698 1089 2779 stum
1114 2733 1133 2778 ε
1158 2696 1530 2808 falsoque
1551 2722 1872 2786 rumore
1897 2692 2239 2808 disperso
2261 2695 2516 2795 ‚inter
2551 2693 2922 2775 abeuntis
2958 2692 3403 2782 anhelitus

863 2815 1151 2893 animae
1170 2838 1329 2891 eun
1340 2809 1528 2892 dem
1552 2812 1952 2897 Iulianum
1970 2836 2160 2890 vero
2181 2803 2620 2908 mandasse,
2645 2808 2961 2917 placere
2979 2805 3148 2911 sibi,
3163 2811 3406 2894 Pro-

863 2926 1111 3034 copio
1132 2926 1406 3006 clauos
1425 2922 1748 3006 summae
1768 2926 1882 3004 rei
1901 2921 2273 3036 gerendae
2292 2923 2701 3011 committi
2722 2958 2740 3004 ε
2762 2924 3057 3005 veritus
3076 2950 3186 3003 ne
3214 2923 3405 3009 hac
3453 2958 3470 2969 ·

794 3113 805 3119 ,
861 3038 1210 3121 excausa
1228 3036 1740 3121 indemnatus
1759 3033 2668 3136 .0ccidetetur,e*=n2edio
2691 3031 2765 3115 se
2801 3033 3184 3145 cospestu
3227 3036 3402 3122 dis-
3438 3058 3533 3138 25

856 3152 1162 3251 creuit,
1189 3150 1728 3263 maximepost
1765 3153 2085 3233 Iouiani
2102 3151 2418 3248 territus
2456 3175 2744 3231 necem
2765 3215 2790 3254 ‚
2813 3153 3408 3240 Notariorum

854 3266 1227 3347 omnium
1264 3267 1497 3376 primi
1538 3301 1557 3347 :
1590 3257 1845 3374 quem
1887 3266 2213 3347 Iuliano
2258 3289 2676 3373 perempto
2713 3264 2972 3348 veluti
3005 3262 3410 3381 dignum

849 3376 1191 3487 imperio
1232 3383 1508 3487 paucis
1545 3379 1941 3459 militibus
1978 3379 2492 3459 nominatum
2525 3442 2550 3480 ,
2610 3374 2826 3473 noui
2890 3403 2992 3459 ue
3041 3382 3404 3466 exinde

847 3518 1210 3601 coeptare
1229 3489 1400 3600 susp
1411 3493 1587 3577 estu
1605 3557 1627 3593 ‚
1652 3491 2189 3601 cruciabiliter
2208 3487 2609 3591 didicerat
2643 3405 3211 3596 intesieuum.
3281 3502 3407 3583 Et

852 3598 1044 3713 quia
1064 3603 1140 3687 se
1162 3609 1405 3717 quaeri
1427 3603 1809 3695 industria
1842 3598 2243 3687 didicerat
2273 3633 2612 3716 magna,
2656 3606 2914 3688 vitans
2947 3610 3406 3719 grauioris
3444 3642 3544 3723 30

844 3716 1179 3819 inuidia:
1219 3716 1530 3828 pondus
1555 3784 1576 3820 ,
1609 3717 1716 3800 ad
1747 3714 2031 3800 abdita
2078 3716 2558 3829 longiusque
2604 3744 2922 3805 remota
2966 3719 3410 3810 disceffit.

851 3827 1247 3940 Cumque
1269 3831 1313 3912 a
1337 3836 1675 3925 Iouiano
1696 3834 2185 3941 exploratius
2208 3828 2572 3943 indagari
2587 3832 2921 3937 latibula
2939 3830 3078 3915 sua
3105 3833 3414 3928 senti'-
3535 3842 3548 3849 “

845 3969 974 4025 ret
993 4008 1014 4044 ‚
1038 3956 1119 4029 δε
1138 3941 1422 4027 formae
1443 3949 1622 4029 vitae
1650 3949 1811 4026 iam
1831 3939 2097 4027 fuisset
2125 3943 2582 4054 pertaesum:
2627 3948 2968 4057 (quippe
2987 3946 3034 4028 a
3052 3950 3408 4036 celsio-
3455 3986 3468 4005 ³

842 4084 932 4142 rc
951 4056 1146 4143 statu
1167 4055 1519 4161 dejeCms
1538 4056 1641 4140 ad
1659 4055 2039 4139 inferiora
2057 4122 2079 4159 ,
2099 4060 2345 4141 etiam
2377 4055 2680 4141 edendi
2717 4062 3052 4168 penuria
3097 4065 3210 4145 in
3249 4069 3415 4151 10-

838 4172 955 4273 cis
976 4168 1560 4281 squallentibus
1582 4171 1866 4283 stringe
1877 4166 2734 4283 batur-,hominumque
2755 4171 3052 4285 egebat
3073 4182 3419 4266 collo-
3453 4201 3488 4281 3
3497 4201 3537 4285 ς

840 4287 1049 4389 quiis
1068 4302 1093 4384 )
1119 4284 1531 4393 postremae
1557 4283 2031 4387 necessitatis
2065 4281 2444 4395 impulsu,
2477 4283 2729 4367 deuiis
2762 4288 3240 4375 itineribus
3283 4299 3418 4399 ad

832 4394 1432 4497 Chalcedonos
1450 4418 1734 4527 agrum
1752 4402 2158 4512 peruenit..
2186 4398 2351 4505 Vbi
2369 4402 2804 4512 ‚quoniam
2836 4409 2922 4495 δι
2951 4400 3214 4507 illud
3252 4410 3424 4501 fit-

1186 4608 1209 4641 δ
1260 4606 1267 4613 .
