3746 5175
860 246 1019 325 ¹4²·
1276 196 1936 327 AMMIANJ
2024 196 2932 294 MARCELLINI

848 386 1217 463 extremo
1236 358 1432 446 belli
1448 352 1778 450 ardore,
1794 344 2086 439 o‘mne's
2101 374 2494 464 oppetere
2512 352 2862 469 gloriose
2879 354 3044 438 iam
3119 349 3356 469 rope-‘J

849 479 1145 563 rabant
1175 541 1202 579 ,
1241 499 1383 558 aut
1412 466 1880 555 ruinavrbis
1924 467 2211 549 animis
2265 462 2518 551 litasse
2551 465 2956 553 caesorum.
2999 471 3035 551 1
3093 498 3343 583 mque

845 615 1240 706 apparatu
1259 586 1733 670 cun&orum
1747 580 2166 664 alacritate
2186 575 2541 705 perfesto
2565 645 2589 684 ,
2629 584 3014 668 exiliente
3048 581 3342 667 lucife-
3372 674 3383 694 ,

843 731 982 810 ro,
1023 729 1363 815 operum
1394 699 1629 783 varia:
1660 690 1960 805 species
1993 718 2184 777 cum
2213 696 2570 779 ’turribus
2599 691 2914 780 ferratis
2950 694 3340 780 admoue-

849 820 1151 905 bantur
1170 851 1191 899 ι
1209 838 1561 928 quorum
1578 813 1664 892 in
1683 806 2126 893 verticibus
2141 807 2362 891 celsis
2380 836 2671 922 aptatae
2691 808 3024 894 ballistae
3040 836 3333 924 propuss-
3371 832 3438 921 ς·

848 956 1230 1048 gnatores
1263 930 1663 1041 agitantes
1695 922 2081 1043 humilius
2132 922 2678 1008 difieffiabant.
2733 926 2837 1008 Et
2871 924 3339 1010 albescente

835 1051 1008 1131 iam
1023 1040 1186 1146 die,
1207 1036 1999 1123 ferrea'munimenta
2013 1037 3143 1149 membrorum‘caelumomne
3158 1035 3336 1122 sub-

841 1182 1175 1246 texunt:
1201 1149 1716 1263 deusatquue
1734 1152 1962 1263 ‘acies
1991 1178 2162 1241 non
2197 1148 2725 1236 inordinatim
2753 1168 2844 1237 'vt
2865 1178 3154 1255 -antea,
3193 1145 3338 1234 sed

837 1271 1225 1359 tubarum
1243 1269 1523 1353 sonitu·
1544 1265 1707 1347 leni
1740 1258 2124 1352 ductante
2156 1268 2395 1349 nullis
2426 1264 3075 1377 procursantibus
3105 1269 3334 1347 ince-

839 1379 1771 1486 debant,maehinarum
1788 1382 2051 1492 operti
2069 1379 2610 1493 tegminibus,
2645 1375 3064 1489 cratesque
3095 1379 3330 1460 vimi-
3385 1411 3476 1470 ιο

842 1524 1034 1582 neas
1051 1491 1665 1607 praetendentes.
1688 1490 2078 1605 Cumque
2098 1496 2732 1606 propinquantes
2749 1488 2854 1576 ad
2871 1493 3333 1596 conieaum

840 1613 1133 1697 venere
1150 1612 1532 1712 telorum,
1555 1604 1939 1721 oppositis
1958 1603 2471 1691 scutis‘Persae
2489 1604 2803 1719 pedites
2823 1603 3148 1720 sagittas
3167 1628 3331 1690 tor·

835 1729 1133 1810 mentis
1148 1719 1495 1815 excuss'as
1515 1720 1560 1806 ὲ
1583 1725 1822 1806 muris
1841 1722 2120 1834 Taegrius
2138 1722 2538 1805 euitantes
2553 1784 2578 1825 ,
2615 1722 2988 1804 laxarunt
3019 1723 3276 1804 aciem
3287 1754 3326 1825 ¹,

835 1839 1067 1939 nullo
1102 1833 1307 1951 pe'ne
1342 1838 1586 1940 jaculi
1623 1844 1917 1948 genere
1941 1836 2030 1915 in
2047 1832 2366 1918 ‘vanum
2399 1831 2776 1919 cadente.
2826 1837 3072 1918 etiam
3103 1860 3329 1919 cata·

720 1997 725 2002 ·
837 1951 1148 2063 phraffi
1177 1949 1547 2034 hebetari
1579 1960 1663 2035 δε
1694 1947 2082 2033 cedentes
2104 2011 2129 2048 ,
2165 1950 2481 2031 animos
2512 1964 2804 2031 auxere
2843 1945 3319 2035 nostrorum.
3363 1967 3444 2055 ις

834 2069 1161 2153 Tamen
1180 2065 1366 2178 quia
1385 2060 1708 2146 hostiles
1727 2060 2058 2146 ballistae
2077 2057 2392 2146 ferratis
2423 2064 2537 2143 im
2598 2059 2812 2149 ofitae
2835 2064 3178 2149 turribus
3194 2128 3218 2168 ,
3237 2065 3327 2147 in

828 2176 1060 2258 hum’
1408 2173 1756 2290 supernis
1773 2177 2493 2278 valentes3vtloco
2579 2171 2983 2287 ispari,ita
3017 2200 3322 2261 euentu

834 2180 2109 2491 diffiffingsxiffuunggore
2159 2283 2645 2389 foedabant·,
2681 2291 3105 2406 ingruente
3123 2291 3318 2373 ‘iam

828 2400 1156 2514 vespera
1188 2426 1380 2503 eum
1411 2397 1863 2514 requiescet
1939 2408 2008 2495 't
2058 2426 2321 2526 partes
2397 2404 2651 2490 noetis
2681 2399 3022 2511 spatium
3059 2413 3321 2508 majus

836 2513 1410 2628 consumptum
1428 2513 1539 2598 est
1556 2579 1580 2619 ‚
1598 2540 1691 2600 vt
1708 2512 2154 2628 excogitari
2172 2539 2280 2623 po
2341 2537 2408 2596 it-
2427 2577 2451 2617 ,
2467 2507 2672 2626 quid
2694 2516 2941 2600 exitio
2962 2516 3075 2601 ita
3094 2540 3315 2603 atro·
3339 2540 3467 2606 ϊο

829 2634 909 2715 ci
927 2632 1491 2737 objeciaretur.
1544 2631 1652 2714 Et
1670 2624 2007 2712 tandem
2029 2629 2289 2711 multa
2303 2625 2800 2740 versantibus
2829 2629 3070 2712 nobis
3104 2626 3312 2717 sedit

826 2744 1244 2831 confilium
1267 2809 1292 2845 ,
1314 2739 1541 2855 quod
1561 2743 1807 2828 tutius
1828 2742 2198 2824 celeritas
2217 2737 2420 2824 fecit
2437 2799 2459 2843 ,
2479 2739 3128 2853 quatuoriisdem
3148 2743 3315 2830 bal·

822 2858 1015 2941 listis
1036 2856 1487 2966 scorpiones
1508 2858 1816 2966 opponi
1832 2887 1854 2935 t
1879 2856 2022 2964 qui
2040 2852 2240 2937 'dum
2257 2853 2610 2940 transsati
2628 2854 2673 2940 ὲ
2691 2859 3023 2972 regione
3039 2885 3309 2963 caute,

825 2966 1054 3080 quod
1073 2974 1260 3052 artis
1281 2966 1390 3050 est
1412 2968 1915 3053 difficillimae
1936 3031 1960 3070 ,
1981 2970 2536 3071 collocantur,
2563 2975 2696 3055 lux
2717 2971 2953 3056 nobis
2974 2969 3314 3056 aduenit
3481 3073 3488 3076 g

823 3079 1354 3184 moestiffima,
1396 3082 2299 3193 Persarummanipulos
2333 3080 2821 3171 formidatos
2854 3084 3303 3191 ostentans,
3347 3119 3452 3196 25

817 3192 1145 3297 adjeffls
1180 3195 1805 3308 elephantorum
1854 3198 2353 3310 agminibus,
2395 3226 2752 3310 quorum
2785 3198 3123 3286 stridore
3148 3203 3341 3284 im--

814 3305 1382 3420 manitateque
1394 3335 1836 3423 corporum
1857 3375 1880 3412 ,
1903 3307 2108 3390 nihil
2130 3308 2503 3395 humanae
2525 3339 2840 3398 mentes
2865 3313 3306 3399 terribilius

813 3449 1181 3508 cernunt.
1215 3419 1603 3536 Cumque
1620 3425 1847 3506 omni
1865 3426 2233 3508 exlatere
2250 3453 2660 3512 armorum
2679 3441 2763 3514 δε
2784 3453 3124 3541 operum
3143 3429 3311 3514 bel-

814 3535 1291 3650 luarumque
1327 3538 1681 3620 molibus
1711 3533 2178 3652 vrgeremfit
2207 3603 2233 3642 ,
2270 3566 2408 3651 per
2438 3538 2960 3654 scorpionum
3006 3540 3305 3626 ferreas
3369 3640 3376 3643 ,

812 3643 1105 3730 fundas
1125 3647 1168 3734 ὲ
1191 3653 1818 3767 propugnaculis
1839 3650 2179 3736 subinde
2198 3652 2534 3736 rotundi
2564 3651 2870 3768 lapides
2906 3656 3063 3739 nai
3081 3722 3108 3760 ,
3142 3654 3303 3741 dis·
3327 3697 3439 3782 30

812 3757 1090 3846 solutis
1125 3766 1461 3848 turrium
1499 3768 2044 3880 coagmentis,
2082 3765 2429 3850 ballistas
2466 3767 2913 3880 eart'r‘mque
2951 3797 3302 3857 tortores

807 3876 928 3958 ita
955 3870 1239 3962 fudere
1273 3880 1761 4007 praecipites,
1782 3905 1877 3964 vt
1911 3877 2250 3992 quidam
2277 3884 2478 3966 citra
2512 3885 2937 3967 vulnerum
2968 3887 3286 3987 noxias,

808 3988 943 4092 aiij
967 3987 1245 4075 obtriti
1265 3988 1825 4105 magnitudine
1858 3990 2313 4104 ponderum
2340 3998 2804 4083 interirent:
2844 3997 3297 4109 elephantis

804 4101 887 4183 vi
908 4128 1202 4218 magna
1234 4102 1666 4216 propulsis,
1706 4134 1912 4217 quos
1947 4085 2291 4192 flammis
2329 4110 2715 4217 c'onjeffis
2749 4109 3109 4224 vndique
3140 4115 3330 4208 εἰει.ο

803 4239 1247 4300 cumnexos
1281 4282 1305 4321 ,
1338 4218 1504 4302 iam
1539 4222 2012 4329 corporibus
2046 4224 2270 4307 tastis
2292 4290 2315 4326 ,
2353 4221 2974 4350 gradientesque
3006 4253 3296 4312 retror-
3326 4245 3420 4352 3¹5

792 4322 928 4408 ‘sus
951 4333 1343 4429 ,retinere
1357 4334 1711 4447 magistri
1738 4362 1905 4416 non
1936 4359 2356 4446 poterant=
2390 4335 3063 4452 postque-exustis
3097 4351 3305 4453 'ope-

792 4438 1021 4522 ribus
1042 4446 1264 4531 nulla
1285 4450 1512 4568 quies
1532 4448 2109 4538 certaminibus
2124 4448 2344 4541 data.
2380 4455 2565 4546 Rex
2577 4454 2800 4541 enim
2829 4457 2854 4536 i
2858 4453 3007 4570 pse
3023 4453 3314 4575 Persa-5
