3746 5175
826 351 961 435 'tra
979 336 1487 460 prouinciam
1505 406 1529 444 ,
1551 333 1858 428 deinde
1887 331 2236 445 militati
2256 334 2680 436 ciuitatem
2693 340 3035 428 Nouam
3068 341 3149 424 in
3172 340 3336 456 qui
3435 359 3446 367 ·

808 459 1009 557 {erat
1044 456 1607 550 Theodeq‘cus
1643 451 1809 535 dux
1850 451 2325 572 Gothorum
2357 452 2626 553 ,fliius
2657 455 3153 547 Walameris
3185 522 3209 560 ,
3245 470 3329 544 δε

833 604 1025 658 eum
1059 577 1145 654 in
1181 569 1561 652 solatium
1590 566 1731 649 fibi
1763 564 2140 648 aduersus
2179 564 2637 652 Bafiliscum
2671 568 3085 673 objectans
3117 572 3336 652 mili·

825 713 996 782 tem
1016 685 1193 798 post
1212 684 1631 792 biennium
1650 678 2387 788 veniens,9bfid;eps
2399 683 2830 768 ciuitatem
2857 688 2930 769 C
2940 684 3339 776 onstanti-

830 803 1232 914 nopolim.
1270 794 1425 880 sed
1449 798 1637 908 quia
1658 800 1994 878 Senatus
2019 807 2100 878 δε
2124 796 2468 905 populus
2491 794 2926 878 Zenonem
2961 825 3334 896 :nemen-7
3391 843 3431 927 5

774 931 784 940 ‘
832 903 953 1002 res
972 944 1076 997 ne
1103 909 1317 1024 quid
1344 913 1541 1018 mali.
1570 933 1979 1021 pateretur
2003 912 2290 994 emitas
2321 969 2348 1018 ².
2381 908 2658 990 relisto
2694 907 3061 993 Bafilisco
3099 910 3174 1008 se
3207 913 3334 993 illi

835 1056 1120 1111 omnes
1145 1024 1549 1108 dederunt
1567 1049 1843 1135 aperta
1872 1023 2234 1108 ciuitate.
2282 1017 2691 1104 Basiliscus
2710 1020 3153 1136 fugiensad
3175 1027 3336 1109 Ec..

833 1141 1160 1226 cleliam
1197 1145 1405 1224 intra
1436 1137 1988 1250 baptisterium
2021 1163 2207 1217 cum
2244 1159 2491 1238 vxore
2521 1147 2605 1218 δε
2642 1133 2822 1216 filiis
2852 1135 3332 1249 ingreditur.

839 1247 1011 1344 'Cu'i
1051 1259 1289 1346 Zeno
1333 1251 1530 1336 dato
1582 1248 2079 1334 sacramento
2133 1246 2503 1330 securum
2539 1244 2694 1330 esse
2741 1247 2850 1334 de
2896 1246 3323 1364 sanguine,
3481 1347 3488 1352 ,

833 1372 1107 1454 exiens
1130 1365 1520 1450 inclausus
1536 1392 1727 1447 cum
1741 1390 1994 1447 vxore
2014 1376 2098 1448 δε
2120 1360 2302 1464 filiis
2327 1364 2537 1464 intra
2570 1360 2912 1446 cisterna
2942 1363 3147 1448 ficca
3180 1365 3327 1448 ibi·
3366 1413 3461 1470 η

838 1482 1031 1565 dem
1051 1477 1353 1593 frigore
1384 1473 1896 1560 defecerunt.
1951 1473 2191 1562 Zeno
2227 1473 2695 1558 recordatus
2732 1477 2841 1557 est
2873 1505 3145 1576 amore
3180 1483 3324 1563 Se·-

829 1622 1062 1679 natus
1081 1588 1911 1705 &populi‚munificus
1928 1588 2305 1672 omnibus
2326 1585 2922 1690 seostendit,ita
2940 1620 3029 1674 vt
3045 1620 3323 1675 omnes

832 1713 911 1791 ei
944 1712 1234 1821 gratias
1270 1731 1632 1820 agerent.
1683 1707 1980 1788 Senatu
2018 1707 2407 1816 Romano
2433 1713 2519 1785 δε
2553 1707 2859 1813 populo
2894 1708 3138 1789 tuitus
3169 1705 3330 1809 est,

831 1826 1081 1918 etiam
1100 1823 1173 1900 ei
1211 1822 1600 1931 imagines
1633 1845 1772 1928 per
1790 1813 2107 1899 diuersa
2137 1817 2320 1898 loca
2347 1816 2428 1894 in
2451 1815 2649 1897 vrbe
2671 1823 2936 1903 Roma
2958 1821 3332 1901 leuaren-

831 1961 994 2032 tur.
1029 1937 1285 2018 Cuius
1305 1960 1670 2042 tempora
1693 1930 2027 2041 pacifica
2048 1926 2402 2020 fuerunt.
2465 1926 2858 2014 Odoacer
2885 1932 3079 2016 vero
3098 1935 3334 2018 cuius'
3366 1969 3462 2054 ις,

832 2037 1064 2159 supra
1083 2042 1423 2129 fecimus
1442 2047 2177 2146 mentionem,mox
2200 2035 2562 2150 depofito
2582 2045 3038 2157 Augustulo
3060 2044 3165 2126 de
3182 2050 3330 2129 im-

826 2151 1343 2274 beri0,fa&us
1363 2158 1472 2240 est
1499 2163 1704 2245 Rem
1725 2157 2178 2267 mansitque
2202 2159 2284 2235 in
2301 2182 2554 2268 regno
2569 2184 2818 2240 annos
2838 2187 2926 2240 x1
2944 2191 2968 2240 1
2984 2190 3043 2241 1.
3067 2165 3334 2266 Cuius

828 2301 1053 2392 pater
1077 2273 1380 2366 AEdico
1406 2269 1800 2373 distus‚de
1823 2301 1989 2381 quo
2007 2273 2118 2353 ita
2137 2269 2543 2356 inuenitur
2563 2270 2884 2378 inlibris
2904 2273 3086 2356 vitae
3107 2272 3331 2358 beati

836 2388 1200 2475 Seuerini
1221 2384 1607 2472 monachi
1627 2391 1832 2471 intra
1856 2384 2391 2484 Pannoniam,
2413 2387 2553 2493 qui
2573 2410 2761 2466 eum
2775 2382 3214 2478 admonuit
3232 2403 3322 2473 δε

832 2497 1203 2616 praedixir
1220 2528 1555 2615 regnum
1574 2503 1739 2581 eius
1760 2496 2154 2582 futurum.
2201 2499 2329 2579 Ita
2347 2499 2640 2606 reperis
2657 2495 3085 2583 adlocum.
3110 2501 3320 2618 Qui·
3351 2536 3454 2593 20

833 2615 1023 2701 dam
1040 2615 1357 2699 barbari
1392 2643 1580 2696 cum
1611 2613 1717 2697 ad
1740 2616 2066 2697 Italiam
2098 2637 2557 2725 pergerent,
2596 2612 3146 2723 promerendae
3175 2619 3320 2702 be-

736 2782 753 2809 .
828 2730 1303 2812 nedifflonis
1347 2726 1452 2809 ad
1498 2756 1688 2809 eum
1734 2730 2030 2810 intuitu
2079 2725 2583 2808 diuerrerunt
2617 2787 2639 2818 ‚
2704 2728 2914 2810 inter
2976 2757 3180 2840 quos
3231 2743 3321 2816 δε

830 2842 1272 2945 Odoacar,
1294 2845 1430 2951 qui
1450 2840 1720 2952 postea
1736 2842 2108 2953 regnauit
2129 2841 2428 2939 Italiae,
2469 2839 2837 2922 viliffimo
2870 2840 3164 2935 habitu
3188 2849 3319 2924 iu..

828 2959 1056 3041 uenis
1108 2954 1395 3041 statura
1443 2981 1815 3064 procerus
1868 2950 2341 3053 aduenerat.
2407 2955 2547 3064 qui
2596 2950 2793 3045 dum
2843 2953 3310 3041 humillimo

827 3071 1042 3153 testo
1064 3069 1376 3152 cellulae
1396 3072 1560 3148 eius
1580 3066 2030 3149 suovertice
2050 3066 2931 3176 contingeret,inclinis
2949 3069 3051 3170 se,
3074 3068 3118 3152 Ξι
3135 3073 3304 3153 viro
3341 3101 3430 3183 25
3487 3078 3498 3097 ¹

830 3180 1459 3295 Deigloriosum
1492 3176 1569 3260 se
1601 3177 1780 3261 fore
1814 3182 2239 3293 cognouit.
2278 3182 2706 3265 Cuietiam
2742 3182 2919 3262 vale
2961 3179 3307 3287 dicenti,

822 3292 1031 3376 vade
1053 3360 1076 3397 ‚
1104 3294 1366 3405 inquit
1390 3358 1412 3394 ‚
1435 3290 1540 3374 ad
1566 3294 1930 3393 Italiam,
1953 3290 2157 3372 vade
2182 3290 2558 3385 vilissimis
2582 3320 2792 3375 nune
2811 3297 3154 3404 pellibus
3175 3326 3344 3403 cog

824 3432 1195 3521 opertu5‚
1230 3402 1367 3487 sed
1407 3406 1684 3488 multis
1719 3409 1888 3488 cito
1923 3408 2268 3517 plurima
2322 3408 2770 3518 largiturum,
2850 3409 3184 3495 Interim
3215 3438 3308 3495 vt

830 3520 1003 3604 Dei
1023 3517 1381 3603 famulus
1403 3520 1475 3599 ei
1497 3515 2015 3629 praedixerat,
2040 3547 2229 3601 mox
2257 3519 2339 3598 in
2367 3521 2605 3602 Italia
2625 3518 3002 3633 ingress'us
3035 3525 3145 3605 est
3180 3545 3303 3606 re-

884 3660 1081 3731 num
1112 3635 1454 3740 accepit.
1517 3630 1853 3747 Eodem¹
1881 3658 2246 3742 tempore
2301 3628 2753 3717 Odoachar
2799 3662 2936 3718 rex
2993 3666 3301 3720 memor
3330 3674 3421 3753 3⁰

772 3758 779 3767 '
823 3661 1073 3837 {aetus
1106 3742 1333 3855 quod
1368 3743 1413 3831 a
1448 3745 1619 3826 viro
1653 3743 1919 3847 saneto
1955 3743 2418 3855 praedithrm
2447 3740 2847 3847 audierat,
2884 3749 3143 3835 statim
3175 3750 3304 3834 fa-

819 3860 1235 3947 miliariter
1270 3858 1533 3939 literas
1563 3856 1669 3941 ad
1707 3887 1894 3939 eum
1929 3858 2280 3971 dirigens
2315 3924 2337 3962 ,
2373 3859 2426 3941 fi
2457 3888 2616 3972 qua
2648 3860 3027 3972 speranda
3051 3863 3303 3948 duce-

821 3969 1252 4070 ret‚dabat
1288 3968 1740 4079 suppliciter
1773 3976 2222 4081 optionem.
2295 3974 2505 4087 Ergo
2546 3975 2662 4055 vir
2685 3979 2849 4058 Dei
2880 3982 3118 4062 tantis
3150 3983 3303 4063 ita·
3431 3992 3438 3997 “

821 4112 984 4193 que
1004 4087 1171 4163 eius
1191 4084 1567 4192 alloquiis
1588 4113 1725 4194 per
1756 4087 2025 4171 literas
2057 4086 2438 4171 inuitatus
2459 4153 2483 4188 ,
2505 4088 3021 4173 Ambrofium
3044 4121 3301 4202 quen·

823 4195 1016 4286 dam
1050 4196 1514 4279 exulantem
1567 4226 1803 4311 rogat
1838 4198 2176 4289 absolui.
2216 4204 2437 4283 cuius
2476 4200 2923 4287 Odoachar
2952 4209 3294 4318 gratula·
3332 4220 3412 4302 35

825 4304 1145 4394 bundus
1182 4312 1437 4414 paruit
1484 4314 1918 4419 imperatis.
1998 4315 2253 4425 Igitur
2304 4312 2758 4401 Odoachar
2807 4343 2942 4399 rex
2995 4319 3304 4401 bellum

824 4413 1052 4539 gcffir
1082 4415 1454 4505 aduersus
1490 4427 1813 4540 Rugos,
1848 4454 2053 4551 quos
2087 4427 2175 4513 in
2201 4420 2556 4549 seeundo
2577 4432 2804 4535 vicit,
2838 4426 3302 4519 &funditus
