3746 5175
850 243 962 334 ⁶4
1276 190 1933 331 AMM1AN1
2021 209 2926 300 MARCELLINI

844 373 1199 490 pletibus
1234 366 1709 452 additurum
1740 384 1769 468 ¹,
1804 392 1999 447 cum
2028 360 2673 474 constet-vbi'que
2709 390 3097 476 pauperes
3129 362 3332 448 inter

843 488 1010 602 ipsa
1054 484 1454 568 dierorum
1501 477 1837 562 exordia
1890 476 2206 558 soluere
2253 475 2614 573 Vniuersa
2661 476 2819 558 fine
2872 480 3339 560 laxamento

846 600 1236 712 compelli
1295 600 1519 680 luter
1554 594 1692 674 has
1734 617 2012 674 tamen
2045 585 2377 703 regendi
2422 586 3071 702 moderandique
3122 594 3289 672 vias
3304 652 3331 690 ,

855 718 1091 800 bonis
1112 706 1607 824 principibus
1630 701 2118 788 aemulandas
2143 767 2164 804 ,
2209 702 2623 785 barbarica
2652 704 2911 786 rabies
2944 702 3345 786 exarserat

844 834 933 913 in
957 830 1236 909 maius.
1265 827 1542 932 thue
1562 817 1826 901 bestia:
1844 815 2278 899 custodum
2298 819 2794 931 negligentia
2814 843 3046 928 raptu
3067 820 3342 901 viuere
3404 830 3446 909 5

849 941 1102 1026 solitae
1121 1001 1147 1039 ,
1169 964 1267 1017 ne
1289 933 1409 1014 his
1430 927 1766 1043 quidem
1784 932 2115 1016 remotis
2134 958 2232 1041 ap
2295 927 2675 1041 ofitisque
2693 924 3172 1014 fortioribus
3192 929 3343 1012 ab-

850 1046 1279 1137 scefferunt
1302 1114 1321 1146 ‚
1345 1043 1481 1129 sed
1501 1041 2039 1130 tumescentes
2074 1045 2203 1123 in'e
2270 1043 2388 1145 ia,
2435 1041 2591 1125 fine
2623 1043 2979 1157 respectu
3012 1040 3329 1144 salutis,
3361 1074 3368 1083 ·

843 1191 1219 1271 armenta
1243 1162 1371 1244 vel
1403 1186 1681 1273 greges
1716 1155 2164 1241 incursant:
2200 1158 2314 1240 ita
2345 1159 2596 1240 etiam
2631 1159 2746 1240 illi
2769 1224 2791 1261 ,
2826 1158 3123 1242 cunstis
3156 1184 3338 1267 quae

851 1278 1255 1392 diripuere
1289 1269 1824 1382 consumptiS,
1862 1269 2083 1353 fame
2142 1296 2476 1383 Vrgente
2511 1269 2867 1384 agebant
2901 1270 3337 1382 aliquoties

850 1393 1153 1508 praedas
1181 1450 1199 1479 ,
1218 1384 1628 1471 interdum
1644 1410 2090 1495 antequam
2107 1384 2685 1495 contingerent
2711 1382 3027 1497 aliquid
3048 1449 3072 1487 ,
3095 1408 3348 1494 oppe-

854 1508 1169 1594 tebant.
1211 1504 1417 1587 Haec
1438 1524 1573 1610 per
1592 1526 1781 1582 eum
1799 1525 2102 1579 annum
2121 1494 2254 1609 spe
2275 1492 2526 1579 dubia
2545 1563 2569 1599 ,
2591 1526 2894 1583 euentu
2912 1525 3187 1581 tamen
3219 1495 3342 1577 se·-
3384 1467 3478 1523 ¹⁰

853 1616 1130 1706 cundo
1152 1681 1176 1719 ,
1198 1642 1335 1727 per
1358 1612 1663 1698 Gallias
1683 1610 2158 1724 agebantur.
2218 1612 2312 1692 In
2344 1614 2743 1695 comitatu
2777 1611 2974 1693 vero
3000 1607 3345 1725 Augusti
3457 1680 3462 1685 .

859 1726 1522 1819 circumlatrabat
1559 1724 2102 1809 Arbetionem
2150 1722 2501 1826 inuidia,
2534 1727 2758 1810 velut
2799 1721 3104 1806 summa
3137 1746 3352 1806 mox

854 1845 1340 1956 adepturum
1358 1904 1380 1941 ,
1401 1836 1983 1921 decorat-‚ultus
2001 1840 2494 1947 imperatorij
2523 1835 3024 1948 praestruxiffe
3051 1874 3070 1919 ε
3094 1834 3346 1920 insta-

856 1962 1161 2069 batque
1178 1958 1251 2037 ei
1271 1954 1619 2061 strepens
1632 1953 2019 2032 immania
2037 1949 2822 2038 Comes'Veriffimus
2844 1954 3173 2035 nomine
3189 2015 3212 2053 ,
3230 1978 3354 2032 ar·

856 2099 1113 2187 guens
1133 2061 1672 2177 coram,quod
1693 2063 1735 2147 a
1754 2066 2123 2176 gregario
2142 2062 2246 2146 ad
2265 2092 2653 2178 magnum
2675 2068 2987 2150 militiae
3006 2067 3349 2148 culmen

858 2185 1222 2284 euefius,
1245 2181 1405 2261 hoc
1424 2182 1755 2289 quoque
1777 2202 1941 2257 non
1977 2203 2413 2267 contentus
2447 2192 2536 2261 'vt
2568 2207 2860 2289 paru0,
2896 2183 3172 2260 locum
3203 2206 3345 2288 ap-

856 2312 1171 2412 peteret
1192 2290 1745 2405 principalem,
1776 2285 1917 2370 sed
1939 2286 2386 2401 specialiter
2399 2291 3134 2376 euminseetabatur
3153 2294 3345 2375 Do-

735 2472 743 2483 .
854 2440 983 2493 rus
1004 2407 1339 2521 quidam
1361 2402 1839 2487 ex-medico
1865 2405 2424 2487 Scutariorum
2448 2471 2469 2506 ,
2495 2432 2738 2516 quem
2758 2406 3193 2491 nitentium
3211 2432 3349 2488 re-

857 2554 1036 2609 rum
1058 2522 1655 2610 Centurionem
1673 2516 1812 2600 sub
1841 2520 2330 2630 Magnentio
2354 2522 2641 2605 Romae
2658 2521 3127 2631 prouectum
3148 2583 3172 2621 ‚
3210 2547 3350 2602 re·
3385 2544 3506 2600 20

862 2642 1194 2726 tulimus
1212 2628 1604 2739 accusasse
1627 2628 1843 2715 Adel
1854 2630 2139 2740 phium
2159 2633 2336 2714 vrbi
2380 2630 2847 2720 Praefet‘lum
2872 2700 2895 2737 ,
2923 2662 3014 2718 vt
3049 2636 3352 2719 altiora

859 2774 1386 2861 coeptantem.
1444 2743 1827 2853 Cumque
1847 2771 1968 2826 res
1987 2748 2066 2824 in
2088 2743 2687 2855 inquisitionem
2708 2751 3055 2852 veniret,
3078 2746 3354 2844 neces-'-

857 2862 1235 2973 sariisque
1255 2861 1588 2973 negotio
1611 2859 1854 2942 tentis
1873 2917 1897 2957 ,
1922 2857 2430 2944 obiefflirum
2452 2862 2826 2969 probatio
2847 2861 3300 2973 speraretur
3316 2925 3345 2963 ‚
3435 2929 3452 2938 ,

862 3001 1254 3085 tanquam
1273 3001 1410 3083 per
1444 2971 1782 3080 satyram
1820 2969 2087 3052 subito
2117 2972 2636 3055 cubiculariis
2675 2971 3292 3090 suffragantibus
3311 3042 3339 3079 ,

860 3118 949 3172 vt
972 3086 1461 3200 loquebatur
1479 3087 1838 3196 pertinax
1857 3111 2132 3164 rumor
2148 3149 2171 3186 ‚
2194 3098 2276 3170 δε
2297 3088 2638 3169 vinculis
2660 3087 2839 3172 sunt
2858 3117 3121 3174 exutae
3156 3113 3352 3201 per·
3385 3124 3486 3203 25

860 3203 1063 3285 sonae
1086 3267 1107 3304 ,
1135 3229 1309 3310 quae
1332 3195 1918 3312 stringebantur
1936 3223 2024 3281 vt
2042 3196 2378 3283 conseiae
2397 3263 2418 3302 ‚
2444 3212 2522 3285 δι
2550 3208 2820 3288 Dorus
2841 3206 3175 3286 euanuit
3192 3266 3216 3304 ,
3251 3213 3347 3288 &t

860 3312 1324 3401 veriffimns
1345 3314 1564 3393 illico
1586 3313 1885 3420 tacuit,
1909 3315 2131 3394 velut
2162 3313 2421 3396 aulaeo
2459 3311 2827 3423 deposito
2864 3314 3141 3401 scenae.
3194 3315 3350 3396 Iic-

860 3430 1050 3513 dem
1070 3426 1351 3511 diebus
1370 3423 1697 3536 adlapso
1735 3451 2051 3504 rumore
2087 3423 2612 3514 Constantius
2641 3426 2926 3513 *dostus
2943 3495 2968 3533 ,
3013 3423 3342 3512 obsesso

854 3543 1073 3655 apud
1117 3546 1477 3625 Senonas
1512 3533 1806 3626 Caesari
1858 3541 2244 3619 auxilium
2291 3533 2459 3621 noi·
2498 3539 2757 3623 tulisse
2792 3545 3284 3629 Marcellum
3310 3607 3344 3647 ,

854 3683 1041 3739 eum
1078 3653 1572 3737 sacramento
1609 3647 1961 3734 solutum
1998 3650 2218 3750 abire
2254 3650 2462 3740 iuffit
2507 3658 2591 3735 in
2620 3656 2868 3753 larem
2900 3692 2920 3739 ς
2966 3659 3111 3770 qui
3149 3681 3346 3740 tan..

853 3795 1099 3880 quam
1118 3768 1401 3848 iniuria
1422 3767 1640 3880 graui
1660 3761 2064 3875 perculsus
2084 3827 2107 3865 ,
2126 3762 2499 3876 quaeclam
2520 3765 2603 3850 in
2625 3772 3036 3856 Iulianum
3054 3771 3352 3854 molio—

855 3883 1093 3968 batur
1115 3944 1141 3982 ‚
1171 3879 1495 3961 auribus
1531 3877 1872 3992 Augusti
1911 3875 2254 3960 confisus
2287 3882 2369 3959 in
2401 3877 2646 3964 omne
2680 3887 3144 3992 patentibus
3178 3886 3355 3967 cri-

846 4025 1071 4081 men.
1127 3990 1497 4105 Ideoque
1520 4018 1708 4074 cum
1726 3987 2219 4092 discederet,
2245 3993 2674 4076 Eutherius
2703 3998 3168 4109 Praepofitus
3198 4025 3352 4080 cu—

855 4111 1110 4196 biculi
1128 4105 1475 4190 mittitur
1493 4104 1754 4188 statim
1776 4099 1989 4215 post,
2013 4131 2204 4185 eum
2222 4165 2245 4199 ,
2269 4102 2325 4187 fi
2343 4104 2544 4220 quid
2563 4106 2886 4195 finiterit
2918 4111 3356 4197 conuiciat-

850 4253 1008 4307 rus.
1062 4216 1364 4334 Verum
1394 4220 1534 4300 ille
1590 4216 1751 4299 hoc
1788 4212 2146 4300 nesciens
2188 4279 2211 4321 ,
2243 4245 2435 4300 mox
2489 4224 2713 4307 venit
2765 4224 3354 4314 Mediolanum
3387 4272 3486 4354 35

848 4335 1200 4444 strepens
1219 4332 1821 4418 &tumultuans
1840 4393 1864 4431 ,
1887 4353 1984 4412 vt
2011 4355 2181 4416 erat
2209 4331 2630 4436 vanidicus
2649 4349 2774 4436 ,ec
2807 4340 3114 4426 amenti
3147 4367 3365 4450 pro-

851 4450 1031 4559 pior
1046 4509 1072 4551 ,
1088 4441 1463 4542 admiffus
1478 4448 1564 4529 in
1576 4443 2173 4552 confiffiorium',
2194 4443 2602 4536 lunanum
2622 4475 2710 4538 vt
2736 4473 3192 4564 ptocaeern·
3205 4458 3361 4535 iw-

2981 4566 3350 4656 fimulat.

3381 2022 3465 2105 15

3374 3707 3570 3800 30‘
