3746 5175
754 151 773 172 ⁹
826 146 1002 322 ’με
1227 198 1889 291 AMMIANI
1955 196 2893 316 MARcEme

714 358 721 368 '
844 351 1233 456 afferebat
1253 351 1798 438 Athanaricus
1816 348 1966 435 sub
1989 349 2878 438 timendaexecratione
2897 350 3354 438 iurifiuranss

851 470 935 553 di
959 467 1033 550 se
1053 462 1209 551 effe
1240 467 1709 549 obstriekum
1730 529 1754 567 ,
1778 463 2342 579 mandatisque
2382 465 2886 577 prohibitum
2922 470 3207 578 patris,
3233 496 3347 552 ne

849 582 1116 666 solum
1148 581 1503 666 calcaret
1520 576 1972 693 aliquando
2013 584 2719 684 Romanorum,&
2744 577 2960 694 adigi
2992 608 3164 664 non
3197 610 3348 692 po‘-

850 722 1056 782 terat
1091 760 1116 800 ‚
1149 693 1800 807 indecorumque
1844 723 2019 780 erat
2047 708 2133 781 δε
2164 697 2327 788 vile
2378 692 2484 777 ad
2528 723 2717 777 eum
2757 698 3349 806 Imperatorem
3393 797 3401 802 Δ

848 810 1170 895 transire
1194 876 1214 912 ,
1245 814 1452 893 reete
1486 810 2013 894 noscentibus
2051 805 2354 921 placuit
2400 874 2425 912 ‚
2467 811 2810 892 nauibus
2843 811 3184 923 remigio
3222 806 3347 898 di·
3385 838 3423 917 5

850 926 1079 1007 reffis
1116 926 1199 1004 in
1235 924 1597 1007 medium
1631 924 1934 1006 flumen
1966 988 1994 1026 ,
2041 919 2219 1034 quae
2251 920 2662 1008 vehebant
2696 951 2879 1006 cum
2936 926 3348 1037 armigeris

853 1041 1355 1148 Principem,
1390 1037 1814 1155 gentisque
1846 1035 2210 1122 iudicem
2243 1033 2430 1119 inde
2469 1065 2661 1119 cum
2695 1035 2885 1139 suis,
2927 1033 3344 1151 foederari,

854 1179 945 1236 vt
980 1151 1364 1239 statutum
1395 1153 1548 1255 est,
1589 1180 1930 1264 pacem..
1973 1147 2343 1263 Hocque
2378 1148 2832 1262 composito
2872 1164 2955 1237 δι
2992 1156 3347 1262 acceptis

851 1265 1307 1372 obfidibus,
1346 1270 1644 1355 Valens
1695 1265 2510 1375 Constantinopolim
2552 1262 2798 1349 rediit
2831 1330 2855 1368 ‚
2893 1267 3029 1349 vbi
3082 1265 3352 1377 postea

851 1380 1400 1464 Athanaricus
1433 1446 1458 1483 ‚
1527 1382 2082 1493 proximorum
2149 1375 2506 1463 factione
2574 1380 3062 1493 genitalibus
3123 1384 3349 1463 terris
3403 1414 3496 1470 m

852 1491 1265 1604 expulsus,
1287 1492 1518 1579 fatali
1556 1493 1765 1580 sorte
1802 1492 2173 1597 decessit,
2207 1506 2286 1579 &
2322 1493 2762 1576 ambitiosis
2797 1496 3159 1607 exequiis
3190 1497 3351 1579 ritu

851 1603 1207 1718 sepultus
1243 1608 1354 1691 est
1395 1608 1695 1691 nostro·
1763 1613 1987 1692 Inter
2018 1606 2191 1690 haec
2231 1607 2814 1692 Valentiniano
2852 1607 3352 1721 magnitudi-

849 1747 954 1799 ne
989 1716 1354 1829 quaffato
1396 1726 1868 1806 morborum
1903 1784 1927 1822 ,
1962 1716 2484 1833 agitanteque
2516 1746 2918 1822 extrema,
2964 1725 3347 1805 conuiuio

849 1836 1307 1918 occultiore
1345 1839 1773 1923 Gallorum
1809 1901 1833 1938 ‚
1870 1838 2012 1947 qui
2039 1831 2376 1917 aderant
2405 1835 2490 1916 in
2524 1837 3014 1919 commilitio
3041 1836 3352 1920 Princi-

848 1950 970 2057 pis
991 1943 1134 2051 ‚ad
1166 1951 1591 2059 imperium
1616 1943 1990 2035 Rusticus
2022 1950 2382 2030 Iulianus
2418 1975 2613 2032 runc
2638 1950 3024 2063 Magister
3043 1977 3352 2033 memo-
3387 1979 3466 2057 ¹5

713 2117 717 2122 -
846 2064 981 2145 riae
1015 2060 1540 2173 poscebatur,
1574 2062 1790 2174 quasi
1824 2059 2103 2145 afflatu
2138 2057 2502 2171 quodam
2540 2058 2829 2146 furoris
2854 2130 2875 2167 ‚
2911 2062 3343 2147 bestiarum

734 2243 744 2250 .
846 2203 1109 2278 more,
1133 2175 1466 2260 humani
1512 2174 1907 2290 sanguinis
1939 2173 2267 2278 auidus,
2304 2201 2394 2259 vt
2432 2173 2890 2261 ostenderat
2922 2206 3118 2260 cum
3146 2180 3349 2261 Pro-

846 2288 1245 2379 consulari
1281 2291 1674 2402 potestate
1697 2316 2016 2406 regeret
2034 2286 2419 2375 Africam.
2489 2293 2588 2374 ln
2620 2288 3087 2401 praestitura
3123 2293 3343 2374 enim

844 2402 1196 2505 vrbana‚
1236 2432 1486 2514 quam
1514 2403 1788 2488 adhuc
1826 2399 2374 2487 administrans
2411 2406 2803 2487 extinaus
2833 2404 2988 2508 est,
3025 2431 3343 2516 tempus

837 2543 1143 2628 anceps
1181 2544 1547 2606 metuens
1571 2513 2010 2633 tyrannidis
2030 2578 2053 2612 ‚
2087 2519 2311 2603 cuius
2335 2518 2676 2603 arbitrio
2705 2541 3100 2630 tanquam
3130 2521 3340 2604 inter
3386 2553 3494 2622 zp

842 2627 1287 2742 dignorum
1327 2637 1685 2742 inopiam
1718 2628 1940 2714 adid
1961 2629 2432 2725 ascenderat
2463 2634 3056 2735 culmen‚lenis
3093 2630 3345 2718 videri

841 2748 1299 2856 cogebatur
1334 2760 1417 2833 δι
1455 2749 1816 2829 mollior.
1882 2749 2202 2831 Contra
2235 2744 2383 2831 hos
2414 2747 2887 2831 nitebantur
2915 2748 3170 2858 aliqui
3192 2747 3346 2830 stu·

844 2855 994 2939 diis
1029 2862 1445 2945 altioribus
1465 2863 1573 2947 vin,
1596 2857 1972 2951 fauorem
2010 2862 2284 2944 Seueri
2309 2860 2678 2975 Magistri
2711 2888 2906 2945 tunc
2993 2861 3338 2971 editum,
3429 2870 3442 2877 “

845 2996 939 3055 vt
970 2978 1138 3086 apti
1165 2971 1272 3056 ad
1309 2976 1472 3056 hoc
1512 2971 2115 3085 impetrandum
2141 3008 2162 3056 ε
2186 2982 2328 3085 qui
2365 2977 2561 3060 licet
2585 2974 2806 3086 asper
2836 2888 3032 3059 essgt
3065 2989 3147 3061 δε
3175 2972 3351 3060 for·-

844 3087 1241 3189 midatus‚
1281 3091 1778 3173 tolerabilior
1812 3116 2089 3173 tamen
2122 3083 2279 3172 fuit
2300 3101 2427 3203 2&
2461 3087 2727 3173 modis
2749 3091 3128 3191 omnibus
3162 3119 3348 3201 prae·
3387 3125 3490 3202 25

844 3197 1229 3285 ferendus
1264 3201 1703 3286 antediCto.
1774 3201 1939 3286 Sed
1973 3198 2173 3285 dum
2206 3203 2379 3286 h-aec
2413 3207 2876 3318 cogitantur
2909 3203 3337 3309 incaffum,

848 3315 1305 3427 Imperator
1352 3315 1727 3406 remediis
1776 3316 2366 3429 multiplicibus
2415 3345 2820 3401 recreatus
2855 3385 2879 3422 ,
2919 3323 3224 3431 vixque
3268 3318 3350 3402 se

844 3432 1131 3512 mortis
1166 3434 1529 3543 periculo
1568 3432 2135 3543 contemplans
2171 3434 2616 3516 extrafikum
2653 3497 2677 3535 ‚
2717 3435 3205 3521 Gratianum
3249 3433 3348 3517 fi,-

842 3544 1046 3651 lium
1085 3543 1352 3649 suum,
1386 3543 1670 3629 adulto
1701 3548 1867 3628 iam
1904 3547 2362 3659 proximum
2395 3547 2890 3661 ‚insignibus
2940 3552 3346 3663 principa·

838 3681 969 3744 tus
1006 3685 1292 3741 ornare
1327 3658 1904 3759 meditabatur.
1973 3663 2078 3749 Et
2109 3663 2397 3771 paratis
2433 3661 2815 3744 omnibus
2851 3726 2875 3764 ,
2913 3664 3343 3779 militeque
3378 3706 3480 3788 30

840 3766 1179 3857 firmato·
1201 3800 1290 3858 vt
1328 3776 1612 3857 animis
1646 3772 1730 3856 id
1766 3777 2174 3885 acciperet
2213 3779 2650 3888 promptis,
2691 3803 2880 3857 cum
2903 3780 3343 3861 Gratianus

841 3883 1218 3988 venisset,
1239 3885 1684 4001 progreffus
1718 3892 1802 3972 in
1835 3919 2220 4003 campum
2251 3892 2607 3977 tribunal
2638 3887 3038 3974 ascendit:
3078 3889 3347 4002 splen·

837 3991 1210 4115 doteque
1231 4002 1634 4085 nobilium
1670 4003 2211 4095 circumdatus
2248 4005 2770 4117 potestatum,
2792 4004 3125 4089 dextera
3144 4034 3347 4117 pue-

835 4136 1018 4192 rum
1065 4111 1646 4223 apprehensum
1702 4117 2351 4232 p‘rodufflrmque
2381 4122 2464 4203 in
2498 4117 2859 4203 medium
2892 4184 2916 4221 ,
2972 4125 3346 4205 oratioue

832 4229 1361 4311 concionaria
1382 4226 1866 4317 destinatum
1889 4236 2474 4345 imperatorem
2509 4236 2900 4320 exercitui
2918 4262 3342 4319 commen·
3374 4266 3466 4359 35

768 4400 775 4409 .
836 4331 1118 4424 dabat.
1176 4349 1540 4431 audam
1587 4377 1754 4460 erga
1799 4378 1911 4430 me
1968 4353 2184 4458 vestri
2211 4350 2488 4466 fimort's
2539 4352 2880 4436 indiciam
2918 4412 2944 4446 ,
2990 4350 3176 4437 bunc
3215 4354 3345 4435 loci

818 4460 1225 4577 princfpcrleb
1252 4456 1742 4581 circumftrrns
1784 4462 2110 4559 habitum
2138 4524 2168 4575 μ
2202 4478 2582 4599 quopotier
2605 4470 2764 4563 dih
2789 4468 3147 4571 ”dmm
3165 4476 3338 4583 st*
