3746 5175
514 430 687 515 tica
718 429 939 517 cirea
1022 434 1358 540 alatium
1388 433 1771 551 perfecit.
1802 433 2062 525 'Item
2084 437 2438 526 Veronae
2485 434 2838 530 thermas
2867 512 2893 549 ,
2932 451 3024 534 fic

514 546 914 656 palatium
972 550 1135 634 ecit
1150 614 1173 650 ,
1197 562 1278 635 δι
1299 548 1344 634 a
1365 580 1596 664 porta
1612 550 1862 666 vsquc
1882 549 2276 666 palatium
2295 557 2702 664 porticum
2738 559 3018 646 reddi-
3096 549 3104 555 ’

511 655 668 743 dit.
683 658 1277 771 Aquaeduc‘tum
1296 664 1525 777 quod
1546 670 1804 751 multa
1826 693 2195 778 tempora
2213 662 2696 750 destructum
2715 668 3015 778 fuerat,

388 872 395 878 .
514 779 1879 890 renouauit‚&aquamintromifit.
1917 783 2207 868 Muros
2224 782 2427 863 alios
2443 808 2699 865 nouos
2722 777 3015 872 circuit

392 895 437 982 ς
511 887 968 972 ciuitatem.
995 895 1209 975 {tem
1227 894 1612 978 Ticinum
1626 897 2021 1004 palatium
2039 960 2064 996 ,
2081 894 2436 979 thermas
2453 958 2478 996 ,
2507 896 3012 1006 amphithea-

514 1025 771 1104 trum,
797 1013 881 1089 δι
900 1004 1098 1086 alios
1118 1033 1389 1089 muros
1406 1009 1754 1092 ciuitatis
1770 1004 2005 1093 fecit.
2045 1005 2205 1094 Sed
2227 1018 2468 1118 &pet
2497 1011 2689 1091 alias
2722 1014 3011 1095 ciuita-

512 1137 631 1196 tes
667 1119 926 1201 multa
960 1117 1357 1201 beneficia
1447 1121 1772 1204 raestitit.
1804 1121 1909 1204 fic
1945 1125 2165 1203 enim
2213 1121 2660 1207 oblestauit
2703 1126 3008 1211 vicinas

509 1253 839 1340 gentes,
869 1226 1185 1314 vtseiui
1203 1230 1345 1315 sub
1404 1235 1630 1319 oedus
1648 1233 2452 1336 darent‚fibicumre
2515 1262 2647 1318 em
2675 1232 3005 1345 speran-

508 1368 653 1425 tes.
692 1347 1236 1456 Negotiantes
1254 1348 1447 1431 vcro
1467 1348 1573 1431 dc
1589 1346 2361 1460 diuerfisptouinciis
2381 1264 2509 1430 adg
2499 1347 2762 1458 ipsum
2799 1379 3005 1432 cona

368 1473 466 1530 ω
510 1456 968 1540 currebant.
1023 1463 1306 1543 Tantae
1339 1465 1560 1544 eni-m
1590 1459 2031 1573 disciplinae
2062 1459 2224 1545 fuit
2257 1526 2283 1563 a,
2319 1488 2406 1544 vt
2429 1459 2492 1543 fi
2524 1466 2703 1572 quis
2736 1467 3001 1552 voiuit

507 1570 594 1649 in
613 1573 810 1683 agro
830 1567 968 1652 suo
989 1600 1412 1683 argentum
1434 1580 1560 1659 vel
1580 1603 1861 1658 aurum
1880 1572 2294 1658 dimittere
2313 1638 2335 1675 ,
2354 1602 2449 1657 ac
2484 1574 2536 1655 fi
2573 1577 2787 1659 intra
2814 1606 3001 1659 mu-

502 1710 634 1765 ros
649 1686 1001 1766 ciuitatis
1025 1682 1241 1790 effer,
1264 1688 1988 1783 itaexistimatetur.
2044 1700 2127 1773 δι
2166 1686 2325 1768 boc
2362 1714 2501 1797 pet
2534 1716 2795 1772 totam
2834 1696 3068 1777 lta-»-

504 1796 701 1879 liam
716 1800 1139 1912 augurium
1159 1801 1643 1902 habebat,vt
1659 1803 1865 1884 nulli
1888 1802 2199 1885 ciuitati
2219 1826 2486 1910 portas
2502 1797 2998 1889 facerettnec

500 1911 590 1990 in
622 1915 957 1995 ciuitate
988 1939 1239 2023 pottae
1275 1915 1906 2010 claudebantur:
1950 1916 2128 2025 quis
2160 1911 2390 2026 quod
2422 1941 2625 2023 opus
2660 1918 2996 2002 volebat

367 2023 451 2104 ¹5
511 2020 903 2125 faciebat,
924 2055 1085 2135 qua
1128 2024 1328 2111 hora
1352 2032 1604 2111 vellet
1635 2059 1729 2113 ac
1768 2028 1821 2111 fi
1852 2032 1937 2108 in
1973 2027 2140 2109 die.
2194 2028 2633 2139 Sexaginta
2662 2025 2989 2112 modios

511 2138 754 2220 tritici
770 2142 852 2220 in
871 2136 1218 2222 solidum
1242 2141 1471 2251 ipfius
1487 2168 1856 2255 tempore
1876 2136 2250 2241 filerunt,
2290 2153 2372 2226 δε
2404 2143 2687 2230 vinum
2713 2144 2993 2258 trigin-

501 2279 589 2335 ta
607 2252 1033 2361 amphoras
1053 2255 1136 2334 in
1151 2249 1530 2338 solidum.
2720 2255 2729 2265 ’
2861 2277 2872 2284 ”
3005 2298 3012 2301 ·

609 2363 924 2448 Eodem
971 2368 1249 2477 itaque
1301 2394 1665 2482 ternpore
1704 2366 2070 2453 habebat
2103 2365 2551 2454 Anastafius
2585 2367 2795 2480 imp.
2822 2394 2991 2453 tres

492 2504 838 2587 nepotes
860 2477 980 2580 ,id
1004 2480 1114 2560 est
1142 2485 1616 2593 Pompeium
1637 2545 1660 2584 ,
1682 2483 2036 2566 Probum
2058 2546 2083 2584 ,
2121 2495 2203 2567 &t
2234 2483 2721 2594 Hypatium.
2751 2487 2992 2596 cogi-

359 2603 469 2658 20
502 2619 681 2676 tans
701 2621 948 2703 quem
968 2592 1262 2706 deipfis
1299 2593 1605 2680 faceret
1634 2596 1806 2707 post
1850 2595 1927 2694 se
1964 2599 2547 2708 Imperatorem
2569 2659 2591 2693 ‚
2628 2592 2990 2705 quadam

494 2703 636 2787 die
654 2704 1307 2821 iussiteqs‘secum
1332 2710 1719 2823 prandere
1746 2775 1766 2809 ,
1792 2722 1877 2795 Bc
1895 2711 2101 2793 intra
2122 2711 2513 2820 palatium
2547 2707 2720 2819 post
2751 2736 2992 2819 ptam-³

494 2817 1145 2903 diummeridiari
1170 2888 1192 2925 ‚
1230 2837 1311 2909 ὅτ.
1351 2824 1648 2937 singula
1681 2827 1881 2914 lecta
1914 2827 2025 2905 eis
2055 2822 2316 2904 sterni.
2349 2833 2432 2906 δε
2468 2824 2549 2902 in
2586 2848 2747 2902 vno
2777 2823 2988 2905 Ιεᾶο

496 2932 707 3017 iuffit
720 2931 822 3015 ad
834 2939 1108 3046 capite
1128 2964 1467 3051 regnum
1488 2942 1680 3048 poni
1691 2951 1802 3039 ,δε
1818 2939 2005 3048 quis
2030 2935 2133 3019 de
2150 2935 2327 3049 ipsis
2347 2932 2744 3016 ineodern
2777 2935 2991 3027 Ῑεᾶῡ,

496 3049 624 3128 ele
685 3046 859 3130 iss‘et
879 3046 1257 3150 dormire,
1280 3060 1361 3132 in
1381 3052 1542 3132 hoc
1565 3048 1641 3133 se
1658 3050 1965 3134 debere
1981 3044 2477 3162 cognoscere
2498 3052 2627 3129 cui
2645 3074 2990 3163 regnum

358 3170 449 3247 25
501 3076 768 3272 poffiea
788 3160 1168 3247 traderet.
1193 3171 1420 3249 Vnus
1443 3163 1775 3275 quidem
1797 3166 2061 3245 in'vno
2082 3166 2287 3245 lecto
2303 3160 2383 3243 se
2403 3162 2732 3244 iactauit
2759 3226 2779 3265 ,
2815 3157 2987 3244 duo

494 3276 807 3356 enimin
827 3279 991 3357 aiio
1011 3305 1285 3359 amore
1308 3275 1663 3362 fraterno
1686 3278 1759 3359 se
1791 3279 2459 3358 conlocauetunt.
2507 3276 2609 3357 Et
2644 3275 2758 3357 ita
2788 3302 2988 3355 con·

488 3389 937 3500 tigit‚vtin
960 3391 1103 3471 illo
1130 3393 1336 3474 lecto
1357 3393 1494 3476 vbi
1531 3420 1871 3505 regnum
1906 3387 2251 3501 pofitum
2288 3416 2461 3473 erat
2483 3453 2504 3487 ,
2535 3389 2808 3469 nullus'
2840 3415 2988 3468 eo-

482 3528 674 3581 rum
695 3499 1108 3584 dormiret.
1165 3509 1391 3588 Dum
1418 3506 1584 3588 haec
1606 3500 1961 3606 vidisset,
1989 3509 2244 3615 coepit
2266 3504 2633 3616 cogitare
2667 3504 2874 3584 intra
2905 3497 2985 3582 se

376 3616 387 3629 '
490 3626 577 3699 &
612 3612 884 3695 dicere
918 3681 942 3718 ,
979 3613 1345 3729 eoquod
1391 3621 1657 3700 nullus
1711 3645 1998 3698 eorum
2027 3643 2429 3731 regnaret.
2476 3616 2987 3723 coepit-orare

342 3744 444 3828 30
500 3731 1474 3832 Deum‚vtiliireuelatio
1499 3732 1722 3814 fieret
1759 3796 1782 3832 ‚
1820 3758 1908 3812 vt
1944 3727 2134 3811 scire
2169 3725 2401 3837 possit
2429 3725 2631 3807 dum
2663 3722 2992 3808 aduiue-

490 3869 614 3925 ret
633 3907 657 3941 ,
682 3846 822 3952 qui
842 3843 1017 3953 post
1038 3843 1292 3926 occas
1283 3875 1414 3925 um
1438 3835 1601 3926 eius
1622 3872 1963 3957 regnum
1997 3839 2452 3951 susciperet.
2491 3839 2664 3923 haec
2684 3835 2987 3922 eodem

484 3959 912 4068 cogitante
930 3961 1012 4039 ’δε
1032 3982 1310 4041 orante
1326 3988 1522 4039 cum
1544 3961 1842 4038 ieiunio
1858 4022 1887 4058 ‚
1912 3952 2266 4065 quadam
2287 3955 2527 4037 noan
2549 4018 2571 4053 ,
2591 3951 2798 4036 vidit
2827 3951 2987 4033 bo-

486 4072 799 4148 minem
824 4134 846 4169 ,
874 4071 1145 4178 quiita
1179 4099 1365 4151 eum
1402 4069 1857 4152 admonuit.
1909 4067 2287 4154 Crastino
2324 4070 2465 4179 qui
2499 4066 2656 4149 tibi
2681 4069 2986 4177 primus

490 4184 701 4262 intra
721 4183 1191 4264 cubiculum
1219 4188 1629 4267 nuntiatus
1651 4180 1902 4266 fuerit
1921 4249 1944 4284 ‚
1967 4180 2127 4292 ipse
2159 4182 2505 4291 accipiet
2545 4178 2718 4289 post
2745 4204 2828 4264 te
2860 4204 2990 4259 re-

344 4308 427 4395 ῖς
499 4319 753 4405 gnum
784 4322 1043 4378 tuum.
1116 4303 1237 4379 lta
1270 4294 1572 4378 facium
1608 4297 1720 4378 est
1750 4324 1842 4379 vt
1880 4295 2260 4395 Iustinus,
2299 4286 2440 4404 qui
2469 4296 2784 4377 Comes
2817 4317 2993 4376 erat

501 4409 1062 4490 excubitorum
1096 4408 1295 4492 dum
1325 4407 1970 4513 aduenisset,vbi
2001 4407 2340 4490 direflms
2365 4402 2637 4487 fuerat
2684 4405 2786 4486 ab
2825 4408 2994 4487 lm-

484 4543 876 4629 peratote
910 4586 940 4626 ‚
978 4527 1513 4611 renuntiaret:
1548 4520 1709 4638 ipse
1754 4528 1831 4607 ei
1871 4518 2462 4720 nunciamtpest
2502 4544 2805 4654 Pssfnffi
2847 4542 2998 4632 pet

2375 4660 2499 4748 PP
2583 4659 2660 4743 ⁴1.
