<?xml version="1.0" encoding="UTF-8"?>
<!DOCTYPE html PUBLIC "-//W3C//DTD XHTML 1.0 Transitional//EN"
    "http://www.w3.org/TR/xhtml1/DTD/xhtml1-transitional.dtd">
<html xmlns="http://www.w3.org/1999/xhtml" xml:lang="en" lang="en">
 <head>
  <title>
</title>
<meta http-equiv="Content-Type" content="text/html;charset=utf-8" />
  <meta name='ocr-system' content='tesseract 3.04.00' />
  <meta name='ocr-capabilities' content='ocr_page ocr_carea ocr_par ocr_line ocrx_word'/>
</head>
<body>
  <div class='ocr_page' id='page_1' title='image "./rerumgestarumqu00valogoog_0098.png"; bbox 0 0 3746 5175; ppageno 0'>
   <div class='ocr_carea' id='block_1_1' title="bbox 780 199 3608 4534">
    <p class='ocr_par' dir='ltr' id='par_1_1' title="bbox 878 199 2954 327">
     <span class='ocr_line' id='line_1_1' title="bbox 878 199 2954 327; baseline -0.005 -27"><span class='ocrx_word' id='word_1_1' title='bbox 878 214 1002 327; x_wconf 65' lang='lat'>70&#39;</span> <span class='ocrx_word' id='word_1_2' title='bbox 1315 200 1976 294; x_wconf 70' lang='lat' dir='ltr'>AMMIANI</span> <span class='ocrx_word' id='word_1_3' title='bbox 2051 199 2954 294; x_wconf 73' lang='lat' dir='ltr'>MARCEL‘LINI</span> 
     </span>
    </p>

    <p class='ocr_par' dir='ltr' id='par_1_2' title="bbox 879 343 3365 582">
     <span class='ocr_line' id='line_1_2' title="bbox 880 343 3364 475; baseline -0.006 -32"><span class='ocrx_word' id='word_1_4' title='bbox 880 359 1165 475; x_wconf 78' lang='lat' dir='ltr'>Pyrrhi</span> <span class='ocrx_word' id='word_1_5' title='bbox 1197 359 1507 470; x_wconf 87' lang='lat' dir='ltr'>legatus</span> <span class='ocrx_word' id='word_1_6' title='bbox 1553 357 1639 436; x_wconf 89' lang='lat' dir='ltr'>in</span> <span class='ocrx_word' id='word_1_7' title='bbox 1669 380 1921 435; x_wconf 84' lang='lat' dir='ltr'>vnum</span> <span class='ocrx_word' id='word_1_8' title='bbox 1961 351 2332 461; x_wconf 64' lang='lat' dir='ltr'>coafitam</span> <span class='ocrx_word' id='word_1_9' title='bbox 2381 349 2997 435; x_wconf 85' lang='lat' dir='ltr'>multitudinem</span> <span class='ocrx_word' id='word_1_10' title='bbox 3042 343 3364 461; x_wconf 57' lang='lat' dir='ltr'>regurm&#39;</span> 
     </span>
     <span class='ocr_line' id='line_1_3' title="bbox 879 458 3365 582; baseline -0.006 -24"><span class='ocrx_word' id='word_1_11' title='bbox 879 473 1024 558; x_wconf 72' lang='lat' dir='ltr'>sed</span> <span class='ocrx_word' id='word_1_12' title='bbox 1058 469 1363 582; x_wconf 83' lang='lat' dir='ltr'>asylum</span> <span class='ocrx_word' id='word_1_13' title='bbox 1396 464 1680 550; x_wconf 89' lang='lat' dir='ltr'>mundi</span> <span class='ocrx_word' id='word_1_14' title='bbox 1712 468 1964 548; x_wconf 89' lang='lat' dir='ltr'>torius</span> <span class='ocrx_word' id='word_1_15' title='bbox 2002 458 2265 544; x_wconf 87' lang='lat' dir='ltr'>adeffe</span> <span class='ocrx_word' id='word_1_16' title='bbox 2300 462 2835 546; x_wconf 82' lang='lat' dir='ltr'>existimabat.</span> <span class='ocrx_word' id='word_1_17' title='bbox 2899 459 3143 548; x_wconf 83' lang='lat' dir='ltr'>Vnde</span> <span class='ocrx_word' id='word_1_18' title='bbox 3176 490 3365 543; x_wconf 86' lang='lat' dir='ltr'>cum</span> 
     </span>
    </p>

    <p class='ocr_par' dir='ltr' id='par_1_3' title="bbox 877 571 3472 928">
     <span class='ocr_line' id='line_1_4' title="bbox 877 571 3374 691; baseline -0.006 -19"><span class='ocrx_word' id='word_1_19' title='bbox 877 587 961 672; x_wconf 88' lang='lat' dir='ltr'>se</span> <span class='ocrx_word' id='word_1_20' title='bbox 982 578 1333 672; x_wconf 83' lang='lat' dir='ltr'>vertiffct</span> <span class='ocrx_word' id='word_1_21' title='bbox 1350 579 1453 664; x_wconf 90' lang='lat' dir='ltr'>ad</span> <span class='ocrx_word' id='word_1_22' title='bbox 1478 580 1829 691; x_wconf 82' lang='lat' dir='ltr'>plebem,</span> <span class='ocrx_word' id='word_1_23' title='bbox 1855 573 2221 685; x_wconf 79' lang='lat' dir='ltr'>stupebat</span> <span class='ocrx_word' id='word_1_24' title='bbox 2242 605 2402 685; x_wconf 88' lang='lat' dir='ltr'>qua</span> <span class='ocrx_word' id='word_1_25' title='bbox 2421 579 2835 659; x_wconf 86' lang='lat' dir='ltr'>celeritate</span> <span class='ocrx_word' id='word_1_26' title='bbox 2871 602 3119 656; x_wconf 85' lang='lat' dir='ltr'>omne</span> <span class='ocrx_word' id='word_1_27' title='bbox 3140 571 3374 685; x_wconf 90' lang='lat' dir='ltr'>quod</span> 
     </span>
     <span class='ocr_line' id='line_1_5' title="bbox 879 690 3373 812; baseline -0.005 -30"><span class='ocrx_word' id='word_1_28' title='bbox 879 703 1190 812; x_wconf 82' lang='lat' dir='ltr'>vbique</span> <span class='ocrx_word' id='word_1_29' title='bbox 1224 695 1334 778; x_wconf 87' lang='lat' dir='ltr'>est</span> <span class='ocrx_word' id='word_1_30' title='bbox 1372 695 1799 774; x_wconf 87' lang='lat' dir='ltr'>hominum</span> <span class='ocrx_word' id='word_1_31' title='bbox 1833 714 2086 803; x_wconf 88' lang='lat' dir='ltr'>genus</span> <span class='ocrx_word' id='word_1_32' title='bbox 2119 690 2608 772; x_wconf 83' lang='lat' dir='ltr'>confluxerit</span> <span class='ocrx_word' id='word_1_33' title='bbox 2647 692 3043 776; x_wconf 70' lang='lat' dir='ltr'>Romamt</span> <span class='ocrx_word' id='word_1_34' title='bbox 3067 699 3150 771; x_wconf 83' lang='lat'>&amp;</span> <span class='ocrx_word' id='word_1_35' title='bbox 3187 712 3373 793; x_wconf 72' lang='lat' dir='ltr'>tan-</span> 
     </span>
     <span class='ocr_line' id='line_1_6' title="bbox 878 792 3472 928; baseline -0.005 -33"><span class='ocrx_word' id='word_1_36' title='bbox 878 822 1134 928; x_wconf 74' lang='lat' dir='ltr'>quam</span> <span class='ocrx_word' id='word_1_37' title='bbox 1167 792 1664 919; x_wconf 78' lang='lat' dir='ltr'>Euphratem</span> <span class='ocrx_word' id='word_1_38' title='bbox 1700 828 2103 884; x_wconf 85' lang='lat' dir='ltr'>armorum</span> <span class='ocrx_word' id='word_1_39' title='bbox 2137 798 2401 910; x_wconf 86' lang='lat' dir='ltr'>speci-e</span> <span class='ocrx_word' id='word_1_40' title='bbox 2435 802 2848 884; x_wconf 83' lang='lat' dir='ltr'>territurus</span> <span class='ocrx_word' id='word_1_41' title='bbox 2879 864 2903 901; x_wconf 92' lang='lat'>,</span> <span class='ocrx_word' id='word_1_42' title='bbox 2925 804 2936 809; x_wconf 80' lang='grc'><strong>’</strong></span> <span class='ocrx_word' id='word_1_43' title='bbox 2959 824 3100 883; x_wconf 86' lang='lat' dir='ltr'>aut</span> <span class='ocrx_word' id='word_1_44' title='bbox 3139 798 3372 886; x_wconf 85' lang='lat' dir='ltr'>Rhe·</span> <span class='ocrx_word' id='word_1_45' title='bbox 3431 828 3472 908; x_wconf 85' lang='lat'>5-</span> 
     </span>
    </p>

    <p class='ocr_par' dir='ltr' id='par_1_4' title="bbox 800 902 3522 2848">
     <span class='ocr_line' id='line_1_7' title="bbox 800 902 3372 1027; baseline -0.007 -18"><span class='ocrx_word' id='word_1_46' title='bbox 800 921 813 927; x_wconf 71' lang='grc'><strong><em>’</em></strong></span> <span class='ocrx_word' id='word_1_47' title='bbox 880 954 1107 1024; x_wconf 77' lang='lat' dir='ltr'>nun-i,</span> <span class='ocrx_word' id='word_1_48' title='bbox 1131 916 1595 1003; x_wconf 88' lang='lat' dir='ltr'>altrinsecus</span> <span class='ocrx_word' id='word_1_49' title='bbox 1630 913 2168 1027; x_wconf 58' lang='lat' dir='ltr'>praceuntibus</span> <span class='ocrx_word' id='word_1_50' title='bbox 2202 912 2430 1026; x_wconf 76' lang='lat' dir='ltr'>signis</span> <span class='ocrx_word' id='word_1_51' title='bbox 2466 978 2487 1014; x_wconf 91' lang='lat'>‚</span> <span class='ocrx_word' id='word_1_52' title='bbox 2536 911 2935 996; x_wconf 67' lang='lat' dir='ltr'>insidebat</span> <span class='ocrx_word' id='word_1_53' title='bbox 2961 939 3204 994; x_wconf 87' lang='lat' dir='ltr'>aureo</span> <span class='ocrx_word' id='word_1_54' title='bbox 3240 902 3372 994; x_wconf 66' lang='lat' dir='ltr'>soa-</span> 
     </span>
     <span class='ocr_line' id='line_1_8' title="bbox 882 1023 3369 1155; baseline -0.004 -38"><span class='ocrx_word' id='word_1_55' title='bbox 882 1031 1191 1155; x_wconf 59' lang='lat' dir='ltr'>lusipfe</span> <span class='ocrx_word' id='word_1_56' title='bbox 1213 1024 1989 1142; x_wconf 85' lang='lat' dir='ltr'>carpent0‚fulgenri</span> <span class='ocrx_word' id='word_1_57' title='bbox 2021 1024 2501 1137; x_wconf 86' lang='lat' dir='ltr'>claritudine</span> <span class='ocrx_word' id='word_1_58' title='bbox 2539 1023 2903 1137; x_wconf 86' lang='lat' dir='ltr'>lapidum</span> <span class='ocrx_word' id='word_1_59' title='bbox 2922 1031 3320 1109; x_wconf 85' lang='lat' dir='ltr'>variorum</span> <span class='ocrx_word' id='word_1_60' title='bbox 3345 1061 3369 1107; x_wconf 68' lang='grc' dir='ltr'><strong><em>ε</em></strong></span> 
     </span>
     <span class='ocr_line' id='line_1_9' title="bbox 892 1136 3369 1265; baseline -0.002 -37"><span class='ocrx_word' id='word_1_61' title='bbox 892 1155 1094 1265; x_wconf 76' lang='lat' dir='ltr'>Q</span> <span class='ocrx_word' id='word_1_62' title='bbox 1146 1148 1500 1228; x_wconf 84' lang='lat' dir='ltr'>micante</span> <span class='ocrx_word' id='word_1_63' title='bbox 1562 1144 1701 1223; x_wconf 84' lang='lat' dir='ltr'>lux</span> <span class='ocrx_word' id='word_1_64' title='bbox 1749 1139 2126 1251; x_wconf 73' lang='lat' dir='ltr'>quaedam</span> <span class='ocrx_word' id='word_1_65' title='bbox 2181 1136 2490 1221; x_wconf 84' lang='lat' dir='ltr'>misceri</span> <span class='ocrx_word' id='word_1_66' title='bbox 2541 1139 2967 1224; x_wconf 82' lang='lat' dir='ltr'>videbatur</span> <span class='ocrx_word' id='word_1_67' title='bbox 3033 1140 3369 1221; x_wconf 86' lang='lat' dir='ltr'>alterna.</span> 
     </span>
     <span class='ocr_line' id='line_1_10' title="bbox 884 1248 3376 1373; baseline -0.006 -25"><span class='ocrx_word' id='word_1_68' title='bbox 884 1263 1265 1373; x_wconf 74' lang='lat' dir='ltr'>Eumque</span> <span class='ocrx_word' id='word_1_69' title='bbox 1303 1256 1476 1366; x_wconf 87' lang='lat' dir='ltr'>post</span> <span class='ocrx_word' id='word_1_70' title='bbox 1491 1248 1976 1367; x_wconf 69' lang='lat' dir='ltr'>antegressos</span> <span class='ocrx_word' id='word_1_71' title='bbox 1996 1254 2487 1362; x_wconf 69' lang='lat' dir='ltr'>multiplices</span> <span class='ocrx_word' id='word_1_72' title='bbox 2523 1253 3166 1365; x_wconf 82' lang='lat' dir='ltr'>alios,purpureis</span> <span class='ocrx_word' id='word_1_73' title='bbox 3184 1249 3376 1332; x_wconf 88' lang='lat' dir='ltr'>sub·-</span> 
     </span>
     <span class='ocr_line' id='line_1_11' title="bbox 880 1362 3513 1488; baseline -0.004 -29"><span class='ocrx_word' id='word_1_74' title='bbox 880 1371 1377 1488; x_wconf 79' lang='lat' dir='ltr'>tegminibus</span> <span class='ocrx_word' id='word_1_75' title='bbox 1410 1371 1621 1452; x_wconf 34' lang='lat' dir='ltr'>*teicti</span> <span class='ocrx_word' id='word_1_76' title='bbox 1654 1362 2271 1449; x_wconf 83' lang='lat' dir='ltr'>circumdedere</span> <span class='ocrx_word' id='word_1_77' title='bbox 2310 1362 2740 1467; x_wconf 80' lang='lat' dir='ltr'>dracones,</span> <span class='ocrx_word' id='word_1_78' title='bbox 2791 1365 3189 1447; x_wconf 86' lang='lat' dir='ltr'>hastarum</span> <span class='ocrx_word' id='word_1_79' title='bbox 3223 1391 3368 1445; x_wconf 88' lang='lat' dir='ltr'>au·</span> <span class='ocrx_word' id='word_1_80' title='bbox 3422 1394 3513 1450; x_wconf 81' lang='lat' dir='ltr'>ro</span> 
     </span>
     <span class='ocr_line' id='line_1_12' title="bbox 886 1474 3378 1596; baseline -0.005 -27"><span class='ocrx_word' id='word_1_81' title='bbox 886 1493 1040 1569; x_wconf 87' lang='lat' dir='ltr'>-reis</span> <span class='ocrx_word' id='word_1_82' title='bbox 1077 1477 1658 1596; x_wconf 82' lang='lat' dir='ltr'>gemmatisque</span> <span class='ocrx_word' id='word_1_83' title='bbox 1684 1474 2277 1583; x_wconf 83' lang='lat' dir='ltr'>summitatibus</span> <span class='ocrx_word' id='word_1_84' title='bbox 2311 1480 2603 1589; x_wconf 84' lang='lat' dir='ltr'>illigati</span> <span class='ocrx_word' id='word_1_85' title='bbox 2623 1543 2646 1579; x_wconf 89' lang='lat'>‚</span> <span class='ocrx_word' id='word_1_86' title='bbox 2675 1477 2902 1560; x_wconf 86' lang='lat' dir='ltr'>hiatu</span> <span class='ocrx_word' id='word_1_87' title='bbox 2936 1477 3378 1587; x_wconf 75' lang='lat' dir='ltr'>vasto-per-</span> 
     </span>
     <span class='ocr_line' id='line_1_13' title="bbox 883 1586 3378 1701; baseline -0.005 -18"><span class='ocrx_word' id='word_1_88' title='bbox 883 1600 1196 1683; x_wconf 85' lang='lat' dir='ltr'>flabiles</span> <span class='ocrx_word' id='word_1_89' title='bbox 1219 1660 1240 1696; x_wconf 87' lang='lat'>‚</span> <span class='ocrx_word' id='word_1_90' title='bbox 1262 1606 1344 1679; x_wconf 68' lang='lat'>86</span> <span class='ocrx_word' id='word_1_91' title='bbox 1366 1592 1553 1674; x_wconf 84' lang='lat' dir='ltr'>ideo</span> <span class='ocrx_word' id='word_1_92' title='bbox 1577 1593 1805 1684; x_wconf 85' lang='lat' dir='ltr'>velut</span> <span class='ocrx_word' id='word_1_93' title='bbox 1837 1595 1950 1673; x_wconf 86' lang='lat' dir='ltr'>ira</span> <span class='ocrx_word' id='word_1_94' title='bbox 1973 1591 2255 1701; x_wconf 85' lang='lat' dir='ltr'>perciti</span> <span class='ocrx_word' id='word_1_95' title='bbox 2288 1586 2693 1673; x_wconf 77' lang='lat' dir='ltr'>sibilantes</span> <span class='ocrx_word' id='word_1_96' title='bbox 2717 1656 2739 1693; x_wconf 87' lang='lat'>‚</span> <span class='ocrx_word' id='word_1_97' title='bbox 2768 1588 3378 1699; x_wconf 75' lang='lat' dir='ltr'>caudarumque</span> 
     </span>
     <span class='ocr_line' id='line_1_14' title="bbox 883 1695 3379 1817; baseline -0.006 -20"><span class='ocrx_word' id='word_1_98' title='bbox 883 1702 1302 1797; x_wconf 84' lang='lat' dir='ltr'>volumina</span> <span class='ocrx_word' id='word_1_99' title='bbox 1354 1707 1904 1817; x_wconf 86' lang='lat' dir='ltr'>relinquentes</span> <span class='ocrx_word' id='word_1_100' title='bbox 1933 1695 2029 1785; x_wconf 75' lang='lat' dir='ltr'>&#39;in</span> <span class='ocrx_word' id='word_1_101' title='bbox 2077 1728 2454 1786; x_wconf 87' lang='lat' dir='ltr'>ventum.·</span> <span class='ocrx_word' id='word_1_102' title='bbox 2519 1707 2620 1787; x_wconf 86' lang='lat' dir='ltr'>Et</span> <span class='ocrx_word' id='word_1_103' title='bbox 2665 1702 3100 1786; x_wconf 76' lang='lat' dir='ltr'>incedebat</span> <span class='ocrx_word' id='word_1_104' title='bbox 3140 1703 3379 1783; x_wconf 58' lang='lat' dir='ltr'>hinc»-</span> 
     </span>
     <span class='ocr_line' id='line_1_15' title="bbox 883 1814 3377 1933; baseline -0.004 -26"><span class='ocrx_word' id='word_1_105' title='bbox 883 1822 1079 1907; x_wconf 87' lang='lat' dir='ltr'>inde</span> <span class='ocrx_word' id='word_1_106' title='bbox 1098 1819 1301 1902; x_wconf 89' lang='lat' dir='ltr'>ordo</span> <span class='ocrx_word' id='word_1_107' title='bbox 1323 1820 1688 1933; x_wconf 87' lang='lat' dir='ltr'>geminus</span> <span class='ocrx_word' id='word_1_108' title='bbox 1708 1842 2204 1900; x_wconf 87' lang='lat' dir='ltr'>armatorum</span> <span class='ocrx_word' id='word_1_109' title='bbox 2228 1881 2249 1917; x_wconf 85' lang='lat'><strong>,</strong></span> <span class='ocrx_word' id='word_1_110' title='bbox 2278 1818 2686 1927; x_wconf 85' lang='lat' dir='ltr'>clypeatus</span> <span class='ocrx_word' id='word_1_111' title='bbox 2703 1842 2953 1927; x_wconf 83' lang='lat' dir='ltr'>atque</span> <span class='ocrx_word' id='word_1_112' title='bbox 2981 1814 3377 1915; x_wconf 84' lang='lat' dir='ltr'>cristatus,</span> 
     </span>
     <span class='ocr_line' id='line_1_16' title="bbox 883 1927 3491 2040; baseline -0.005 -20"><span class='ocrx_word' id='word_1_113' title='bbox 883 1932 1228 2020; x_wconf 85' lang='lat' dir='ltr'>corusco</span> <span class='ocrx_word' id='word_1_114' title='bbox 1267 1934 1574 2014; x_wconf 87' lang='lat' dir='ltr'>lumine</span> <span class='ocrx_word' id='word_1_115' title='bbox 1606 1928 1920 2012; x_wconf 87' lang='lat' dir='ltr'>radians</span> <span class='ocrx_word' id='word_1_116' title='bbox 1942 1994 1966 2032; x_wconf 86' lang='lat'>,</span> <span class='ocrx_word' id='word_1_117' title='bbox 1989 1927 2546 2011; x_wconf 87' lang='lat' dir='ltr'>nitidisloricis</span> <span class='ocrx_word' id='word_1_118' title='bbox 2568 1928 2892 2012; x_wconf 86' lang='lat' dir='ltr'>indutus</span> <span class='ocrx_word' id='word_1_119' title='bbox 2918 1968 2937 2017; x_wconf 68' lang='grc' dir='ltr'>ε</span> <span class='ocrx_word' id='word_1_120' title='bbox 2963 1927 3375 2040; x_wconf 80' lang='lat' dir='ltr'>sparsique</span> <span class='ocrx_word' id='word_1_121' title='bbox 3409 1952 3491 2037; x_wconf 73' lang='grc' dir='ltr'>ις</span> 
     </span>
     <span class='ocr_line' id='line_1_17' title="bbox 887 2040 3378 2156; baseline -0.005 -23"><span class='ocrx_word' id='word_1_122' title='bbox 887 2047 1376 2156; x_wconf 74' lang='lat' dir='ltr'>cataphraffi</span> <span class='ocrx_word' id='word_1_123' title='bbox 1410 2047 1962 2155; x_wconf 83' lang='lat' dir='ltr'>equites,quos</span> <span class='ocrx_word' id='word_1_124' title='bbox 1980 2042 2460 2124; x_wconf 80' lang='lat' dir='ltr'>clibanarios</span> <span class='ocrx_word' id='word_1_125' title='bbox 2485 2040 2855 2124; x_wconf 69' lang='lat' dir='ltr'>dictitant</span> <span class='ocrx_word' id='word_1_126' title='bbox 2875 2040 3153 2143; x_wconf 67' lang='lat' dir='ltr'>Persae,</span> <span class='ocrx_word' id='word_1_127' title='bbox 3179 2041 3378 2124; x_wconf 86' lang='lat' dir='ltr'>tho-</span> 
     </span>
     <span class='ocr_line' id='line_1_18' title="bbox 881 2152 3377 2269; baseline -0.004 -24"><span class='ocrx_word' id='word_1_128' title='bbox 881 2188 1162 2245; x_wconf 87' lang='lat' dir='ltr'>racum</span> <span class='ocrx_word' id='word_1_129' title='bbox 1185 2160 1475 2240; x_wconf 89' lang='lat' dir='ltr'>muniti</span> <span class='ocrx_word' id='word_1_130' title='bbox 1514 2156 2036 2269; x_wconf 78' lang='lat' dir='ltr'>tegminibuS‚</span> <span class='ocrx_word' id='word_1_131' title='bbox 2060 2154 2429 2239; x_wconf 77' lang='lat' dir='ltr'>&amp;limbis</span> <span class='ocrx_word' id='word_1_132' title='bbox 2462 2152 2731 2235; x_wconf 84' lang='lat' dir='ltr'>ferreis</span> <span class='ocrx_word' id='word_1_133' title='bbox 2770 2157 3039 2257; x_wconf 60' lang='lat' dir='ltr'>cincti,</span> <span class='ocrx_word' id='word_1_134' title='bbox 3065 2181 3156 2237; x_wconf 82' lang='lat' dir='ltr'>vt</span> <span class='ocrx_word' id='word_1_135' title='bbox 3175 2156 3377 2236; x_wconf 79' lang='lat' dir='ltr'>Pra-</span> 
     </span>
     <span class='ocr_line' id='line_1_19' title="bbox 880 2263 3454 2379; baseline -0.005 -20"><span class='ocrx_word' id='word_1_136' title='bbox 880 2275 1148 2359; x_wconf 78' lang='lat' dir='ltr'>xitelis</span> <span class='ocrx_word' id='word_1_137' title='bbox 1182 2298 1424 2352; x_wconf 89' lang='lat' dir='ltr'>manu</span> <span class='ocrx_word' id='word_1_138' title='bbox 1456 2270 1712 2379; x_wconf 87' lang='lat' dir='ltr'>polita</span> <span class='ocrx_word' id='word_1_139' title='bbox 1759 2265 2126 2351; x_wconf 86' lang='lat' dir='ltr'>crederes</span> <span class='ocrx_word' id='word_1_140' title='bbox 2169 2263 2585 2350; x_wconf 69' lang='lat' dir='ltr'>simulacra</span> <span class='ocrx_word' id='word_1_141' title='bbox 2622 2331 2645 2368; x_wconf 91' lang='lat'>‚</span> <span class='ocrx_word' id='word_1_142' title='bbox 2683 2297 2846 2348; x_wconf 88' lang='lat' dir='ltr'>non</span> <span class='ocrx_word' id='word_1_143' title='bbox 2880 2270 3127 2350; x_wconf 85' lang='lat' dir='ltr'>viros:</span> <span class='ocrx_word' id='word_1_144' title='bbox 3157 2294 3371 2376; x_wconf 85' lang='lat' dir='ltr'>quos</span> <span class='ocrx_word' id='word_1_145' title='bbox 3450 2280 3454 2285; x_wconf 77' lang='grc'><strong><em>’</em></strong></span> 
     </span>
     <span class='ocr_line' id='line_1_20' title="bbox 878 2380 3378 2491; baseline -0.004 -22"><span class='ocrx_word' id='word_1_146' title='bbox 878 2386 1361 2469; x_wconf 79' lang='lat' dir='ltr'>laminarum</span> <span class='ocrx_word' id='word_1_147' title='bbox 1398 2383 1677 2464; x_wconf 89' lang='lat' dir='ltr'>circuli</span> <span class='ocrx_word' id='word_1_148' title='bbox 1722 2408 2009 2464; x_wconf 81' lang='lat' dir='ltr'>tenues</span> <span class='ocrx_word' id='word_1_149' title='bbox 2057 2408 2100 2462; x_wconf 90' lang='lat' dir='ltr'>a</span> <span class='ocrx_word' id='word_1_150' title='bbox 2163 2385 2222 2462; x_wconf 88' lang='lat' dir='ltr'>ri</span> <span class='ocrx_word' id='word_1_151' title='bbox 2263 2385 2622 2491; x_wconf 85' lang='lat' dir='ltr'>corporis</span> <span class='ocrx_word' id='word_1_152' title='bbox 2669 2380 3006 2463; x_wconf 83' lang='lat' dir='ltr'>flexibus</span> <span class='ocrx_word' id='word_1_153' title='bbox 3051 2381 3378 2462; x_wconf 84' lang='lat' dir='ltr'>ambie-</span> 
     </span>
     <span class='ocr_line' id='line_1_21' title="bbox 886 2408 3522 2609; baseline -0.003 -26"><span class='ocrx_word' id='word_1_154' title='bbox 886 2502 1089 2594; x_wconf 86' lang='lat' dir='ltr'>bant</span> <span class='ocrx_word' id='word_1_155' title='bbox 1115 2564 1140 2602; x_wconf 86' lang='lat'>‚</span> <span class='ocrx_word' id='word_1_156' title='bbox 1205 2523 1341 2609; x_wconf 91' lang='lat' dir='ltr'>per</span> <span class='ocrx_word' id='word_1_157' title='bbox 1377 2497 1648 2576; x_wconf 88' lang='lat' dir='ltr'>omnia</span> <span class='ocrx_word' id='word_1_158' title='bbox 1683 2495 2046 2585; x_wconf 78' lang='lat' dir='ltr'>membra</span> <span class='ocrx_word' id='word_1_159' title='bbox 2086 2408 2410 2576; x_wconf 52' lang='lat' dir='ltr'>&lt;seducti</span> <span class='ocrx_word' id='word_1_160' title='bbox 2445 2530 2463 2575; x_wconf 72' lang='grc' dir='ltr'><strong>ε</strong></span> <span class='ocrx_word' id='word_1_161' title='bbox 2503 2522 2592 2578; x_wconf 89' lang='lat' dir='ltr'>vt</span> <span class='ocrx_word' id='word_1_162' title='bbox 2624 2521 3116 2605; x_wconf 89' lang='lat' dir='ltr'>quocunque</span> <span class='ocrx_word' id='word_1_163' title='bbox 3154 2520 3379 2577; x_wconf 88' lang='lat' dir='ltr'>artus</span> <span class='ocrx_word' id='word_1_164' title='bbox 3413 2532 3522 2585; x_wconf 85' lang='lat'>20</span> 
     </span>
     <span class='ocr_line' id='line_1_22' title="bbox 882 2603 3384 2721; baseline -0.003 -24"><span class='ocrx_word' id='word_1_165' title='bbox 882 2612 1297 2697; x_wconf 80' lang='lat' dir='ltr'>neceffitas</span> <span class='ocrx_word' id='word_1_166' title='bbox 1323 2603 2275 2710; x_wconf 81' lang='lat' dir='ltr'>commouiffet,vestitus</span> <span class='ocrx_word' id='word_1_167' title='bbox 2312 2632 2789 2721; x_wconf 84' lang='lat' dir='ltr'>congrueret</span> <span class='ocrx_word' id='word_1_168' title='bbox 2819 2610 3178 2691; x_wconf 66' lang='lat' dir='ltr'>iunctura</span> <span class='ocrx_word' id='word_1_169' title='bbox 3222 2636 3384 2690; x_wconf 91' lang='lat' dir='ltr'>co-</span> 
     </span>
     <span class='ocr_line' id='line_1_23' title="bbox 874 2717 3383 2848; baseline -0.003 -39"><span class='ocrx_word' id='word_1_170' title='bbox 874 2727 1277 2809; x_wconf 75' lang='lat' dir='ltr'>haerenrer</span> <span class='ocrx_word' id='word_1_171' title='bbox 1301 2749 1599 2831; x_wconf 86' lang='lat' dir='ltr'>aptata.</span> <span class='ocrx_word' id='word_1_172' title='bbox 1657 2721 2066 2848; x_wconf 78' lang='lat' dir='ltr'>Augustus</span> <span class='ocrx_word' id='word_1_173' title='bbox 2100 2724 2377 2831; x_wconf 81' lang='lat' dir='ltr'>itaque</span> <span class='ocrx_word' id='word_1_174' title='bbox 2412 2717 2680 2801; x_wconf 84' lang='lat' dir='ltr'>faustis</span> <span class='ocrx_word' id='word_1_175' title='bbox 2712 2721 3055 2828; x_wconf 83' lang='lat' dir='ltr'>vocibus</span> <span class='ocrx_word' id='word_1_176' title='bbox 3090 2723 3383 2832; x_wconf 81' lang='lat' dir='ltr'>appel-</span> 
     </span>
    </p>

    <p class='ocr_par' dir='ltr' id='par_1_5' title="bbox 780 2828 3520 4086">
     <span class='ocr_line' id='line_1_24' title="bbox 780 2828 3375 2947; baseline -0.002 -25"><span class='ocrx_word' id='word_1_177' title='bbox 780 2875 786 2882; x_wconf 52' lang='lat'><em>⁴</em></span> <span class='ocrx_word' id='word_1_178' title='bbox 876 2842 1119 2939; x_wconf 79' lang='lat' dir='ltr'>latus,</span> <span class='ocrx_word' id='word_1_179' title='bbox 1144 2839 1542 2917; x_wconf 82' lang='lat' dir='ltr'>montiuni</span> <span class='ocrx_word' id='word_1_180' title='bbox 1567 2834 2539 2944; x_wconf 75' lang='lat' dir='ltr'>littorumqueintonante</span> <span class='ocrx_word' id='word_1_181' title='bbox 2574 2828 2899 2947; x_wconf 79' lang='lat' dir='ltr'>fragore</span> <span class='ocrx_word' id='word_1_182' title='bbox 2918 2833 3375 2938; x_wconf 83' lang='lat' dir='ltr'>cohorruit,</span> 
     </span>
     <span class='ocr_line' id='line_1_25' title="bbox 882 2946 3379 3058; baseline -0.002 -26"><span class='ocrx_word' id='word_1_183' title='bbox 882 2954 1135 3033; x_wconf 84' lang='lat' dir='ltr'>talem</span> <span class='ocrx_word' id='word_1_184' title='bbox 1173 2947 1248 3027; x_wconf 88' lang='lat' dir='ltr'>se</span> <span class='ocrx_word' id='word_1_185' title='bbox 1271 2946 1604 3056; x_wconf 74' lang='lat' dir='ltr'>tamque</span> <span class='ocrx_word' id='word_1_186' title='bbox 1623 2948 2128 3028; x_wconf 89' lang='lat' dir='ltr'>immobilem</span> <span class='ocrx_word' id='word_1_187' title='bbox 2153 3010 2176 3048; x_wconf 85' lang='lat'>,</span> <span class='ocrx_word' id='word_1_188' title='bbox 2203 2950 2460 3058; x_wconf 81' lang='lat' dir='ltr'>qualis</span> <span class='ocrx_word' id='word_1_189' title='bbox 2484 2951 2566 3028; x_wconf 92' lang='lat' dir='ltr'>in</span> <span class='ocrx_word' id='word_1_190' title='bbox 2607 2949 3043 3058; x_wconf 88' lang='lat' dir='ltr'>prouinciis</span> <span class='ocrx_word' id='word_1_191' title='bbox 3077 2947 3222 3029; x_wconf 86' lang='lat' dir='ltr'>suis</span> <span class='ocrx_word' id='word_1_192' title='bbox 3245 2950 3379 3029; x_wconf 88' lang='lat' dir='ltr'>vi-</span> 
     </span>
     <span class='ocr_line' id='line_1_26' title="bbox 878 3057 3507 3172; baseline 0.001 -29"><span class='ocrx_word' id='word_1_193' title='bbox 878 3062 1247 3162; x_wconf 83' lang='lat' dir='ltr'>sebatur,</span> <span class='ocrx_word' id='word_1_194' title='bbox 1288 3058 1744 3142; x_wconf 89' lang='lat' dir='ltr'>ostendcns.</span> <span class='ocrx_word' id='word_1_195' title='bbox 1784 3063 2019 3143; x_wconf 59' lang='lat' dir='ltr'>‘Nam</span> <span class='ocrx_word' id='word_1_196' title='bbox 2051 3057 2138 3145; x_wconf 73' lang='grc' dir='ltr'>δε</span> <span class='ocrx_word' id='word_1_197' title='bbox 2175 3086 2461 3170; x_wconf 89' lang='lat' dir='ltr'>corpus</span> <span class='ocrx_word' id='word_1_198' title='bbox 2495 3060 2943 3172; x_wconf 82' lang='lat' dir='ltr'>perhumile</span> <span class='ocrx_word' id='word_1_199' title='bbox 2978 3060 3380 3145; x_wconf 85' lang='lat' dir='ltr'>curuabat</span> <span class='ocrx_word' id='word_1_200' title='bbox 3418 3089 3507 3169; x_wconf 83' lang='lat'>25</span> 
     </span>
     <span class='ocr_line' id='line_1_27' title="bbox 883 3169 3381 3287; baseline 0.001 -32"><span class='ocrx_word' id='word_1_201' title='bbox 883 3201 1154 3287; x_wconf 86' lang='lat' dir='ltr'>portas</span> <span class='ocrx_word' id='word_1_202' title='bbox 1191 3171 1643 3286; x_wconf 82' lang='lat' dir='ltr'>ingrediens</span> <span class='ocrx_word' id='word_1_203' title='bbox 1680 3169 1920 3255; x_wconf 81' lang='lat' dir='ltr'>cel-sas</span> <span class='ocrx_word' id='word_1_204' title='bbox 1957 3238 1979 3275; x_wconf 87' lang='lat'>,</span> <span class='ocrx_word' id='word_1_205' title='bbox 2034 3185 2118 3257; x_wconf 73' lang='grc' dir='ltr'>δε</span> <span class='ocrx_word' id='word_1_206' title='bbox 2161 3175 2387 3255; x_wconf 59' lang='lat' dir='ltr'>‘velut</span> <span class='ocrx_word' id='word_1_207' title='bbox 2425 3175 2657 3255; x_wconf 72' lang='lat' dir='ltr'>‘collo</span> <span class='ocrx_word' id='word_1_208' title='bbox 2701 3177 3017 3257; x_wconf 85' lang='lat' dir='ltr'>munito</span> <span class='ocrx_word' id='word_1_209' title='bbox 3070 3176 3381 3257; x_wconf 70' lang='lat' dir='ltr'>restam</span> 
     </span>
     <span class='ocr_line' id='line_1_28' title="bbox 882 3283 3382 3387; baseline -0 -16"><span class='ocrx_word' id='word_1_210' title='bbox 882 3292 1143 3371; x_wconf 86' lang='lat' dir='ltr'>aciem</span> <span class='ocrx_word' id='word_1_211' title='bbox 1181 3290 1581 3367; x_wconf 80' lang='lat' dir='ltr'>luminum</span> <span class='ocrx_word' id='word_1_212' title='bbox 1615 3283 1951 3368; x_wconf 81' lang='lat' dir='ltr'>tendens</span> <span class='ocrx_word' id='word_1_213' title='bbox 1992 3348 2017 3387; x_wconf 91' lang='lat'>,</span> <span class='ocrx_word' id='word_1_214' title='bbox 2066 3313 2217 3367; x_wconf 81' lang='lat' dir='ltr'>nec</span> <span class='ocrx_word' id='word_1_215' title='bbox 2253 3284 2532 3370; x_wconf 70' lang='lat' dir='ltr'>dextra</span> <span class='ocrx_word' id='word_1_216' title='bbox 2567 3290 2882 3370; x_wconf 85' lang='lat' dir='ltr'>vultum</span> <span class='ocrx_word' id='word_1_217' title='bbox 2919 3350 2945 3387; x_wconf 83' lang='lat'>‚</span> <span class='ocrx_word' id='word_1_218' title='bbox 2983 3317 3140 3369; x_wconf 88' lang='lat' dir='ltr'>nec</span> <span class='ocrx_word' id='word_1_219' title='bbox 3167 3290 3382 3373; x_wconf 55' lang='lat' dir='ltr'>lam&amp;</span> 
     </span>
     <span class='ocr_line' id='line_1_29' title="bbox 879 3397 3408 3510; baseline -0.001 -25"><span class='ocrx_word' id='word_1_220' title='bbox 879 3402 1303 3492; x_wconf 60' lang='lat' dir='ltr'>flectebam</span> <span class='ocrx_word' id='word_1_221' title='bbox 1331 3423 1718 3508; x_wconf 85' lang='lat' dir='ltr'>tanquam</span> <span class='ocrx_word' id='word_1_222' title='bbox 1758 3397 2251 3510; x_wconf 75' lang='lat' dir='ltr'>figmentum</span> <span class='ocrx_word' id='word_1_223' title='bbox 2290 3397 2704 3503; x_wconf 75' lang='lat' dir='ltr'>hominis,</span> <span class='ocrx_word' id='word_1_224' title='bbox 2739 3428 2911 3481; x_wconf 86' lang='lat' dir='ltr'>non</span> <span class='ocrx_word' id='word_1_225' title='bbox 2961 3427 3149 3482; x_wconf 91' lang='lat' dir='ltr'>cum</span> <span class='ocrx_word' id='word_1_226' title='bbox 3177 3425 3408 3482; x_wconf 42' lang='lat' dir='ltr'>rota*</span> 
     </span>
     <span class='ocr_line' id='line_1_30' title="bbox 874 3509 3378 3628; baseline 0 -34"><span class='ocrx_word' id='word_1_227' title='bbox 874 3535 1362 3596; x_wconf 82' lang='lat' dir='ltr'>concuteret</span> <span class='ocrx_word' id='word_1_228' title='bbox 1400 3537 1718 3613; x_wconf 85' lang='lat' dir='ltr'>nutans,</span> <span class='ocrx_word' id='word_1_229' title='bbox 1741 3539 1890 3592; x_wconf 90' lang='lat' dir='ltr'>nce</span> <span class='ocrx_word' id='word_1_230' title='bbox 1925 3509 2255 3621; x_wconf 79' lang='lat' dir='ltr'>spuens,</span> <span class='ocrx_word' id='word_1_231' title='bbox 2279 3538 2420 3595; x_wconf 89' lang='lat' dir='ltr'>aut</span> <span class='ocrx_word' id='word_1_232' title='bbox 2454 3542 2542 3593; x_wconf 91' lang='lat' dir='ltr'>os</span> <span class='ocrx_word' id='word_1_233' title='bbox 2575 3541 2714 3598; x_wconf 90' lang='lat' dir='ltr'>aut</span> <span class='ocrx_word' id='word_1_234' title='bbox 2747 3512 3016 3596; x_wconf 89' lang='lat' dir='ltr'>nasum</span> <span class='ocrx_word' id='word_1_235' title='bbox 3037 3517 3378 3628; x_wconf 82' lang='lat' dir='ltr'>‘tergens</span> 
     </span>
     <span class='ocr_line' id='line_1_31' title="bbox 870 3619 3520 3737; baseline 0.001 -30"><span class='ocrx_word' id='word_1_236' title='bbox 870 3629 1010 3707; x_wconf 73' lang='lat' dir='ltr'>⁴vel</span> <span class='ocrx_word' id='word_1_237' title='bbox 1034 3619 1360 3726; x_wconf 79' lang='lat' dir='ltr'>fricans,</span> <span class='ocrx_word' id='word_1_238' title='bbox 1385 3622 1815 3732; x_wconf 67' lang='lat' dir='ltr'>manumve</span> <span class='ocrx_word' id='word_1_239' title='bbox 1844 3627 2160 3736; x_wconf 14' lang='lat' dir='ltr'>*agitans</span> <span class='ocrx_word' id='word_1_240' title='bbox 2183 3622 2385 3708; x_wconf 88' lang='lat' dir='ltr'>visus</span> <span class='ocrx_word' id='word_1_241' title='bbox 2424 3626 2533 3706; x_wconf 89' lang='lat' dir='ltr'>est</span> <span class='ocrx_word' id='word_1_242' title='bbox 2570 3653 2948 3737; x_wconf 77' lang='lat' dir='ltr'>vnquam,</span> <span class='ocrx_word' id='word_1_243' title='bbox 3016 3633 3236 3737; x_wconf 76' lang='lat' dir='ltr'>Quae</span> <span class='ocrx_word' id='word_1_244' title='bbox 3271 3629 3378 3709; x_wconf 86' lang='lat' dir='ltr'>li·</span> <span class='ocrx_word' id='word_1_245' title='bbox 3418 3657 3520 3737; x_wconf 83' lang='lat'>30</span> 
     </span>
     <span class='ocr_line' id='line_1_32' title="bbox 881 3736 3380 3850; baseline 0.001 -28"><span class='ocrx_word' id='word_1_246' title='bbox 881 3765 1013 3822; x_wconf 88' lang='lat' dir='ltr'>cet</span> <span class='ocrx_word' id='word_1_247' title='bbox 1053 3737 1521 3841; x_wconf 61' lang='lat' dir='ltr'>affectabat,</span> <span class='ocrx_word' id='word_1_248' title='bbox 1552 3763 1780 3820; x_wconf 88' lang='lat' dir='ltr'>erant</span> <span class='ocrx_word' id='word_1_249' title='bbox 1816 3763 2086 3820; x_wconf 87' lang='lat' dir='ltr'>tamen</span> <span class='ocrx_word' id='word_1_250' title='bbox 2121 3738 2292 3822; x_wconf 82' lang='lat' dir='ltr'>haec</span> <span class='ocrx_word' id='word_1_251' title='bbox 2319 3749 2409 3822; x_wconf 82' lang='lat'>&amp;</span> <span class='ocrx_word' id='word_1_252' title='bbox 2448 3741 2600 3820; x_wconf 86' lang='lat' dir='ltr'>alia</span> <span class='ocrx_word' id='word_1_253' title='bbox 2637 3736 3008 3850; x_wconf 83' lang='lat' dir='ltr'>quaedam</span> <span class='ocrx_word' id='word_1_254' title='bbox 3037 3743 3133 3821; x_wconf 24' lang='lat' dir='ltr'>-inss</span> <span class='ocrx_word' id='word_1_255' title='bbox 3162 3745 3380 3824; x_wconf 85' lang='lat' dir='ltr'>cite-</span> 
     </span>
     <span class='ocr_line' id='line_1_33' title="bbox 877 3849 3492 3958; baseline 0.002 -26"><span class='ocrx_word' id='word_1_256' title='bbox 877 3856 1089 3932; x_wconf 82' lang='lat' dir='ltr'>riore</span> <span class='ocrx_word' id='word_1_257' title='bbox 1130 3854 1292 3934; x_wconf 85' lang='lat' dir='ltr'>vita</span> <span class='ocrx_word' id='word_1_258' title='bbox 1332 3854 1739 3958; x_wconf 81' lang='lat' dir='ltr'>patientiae</span> <span class='ocrx_word' id='word_1_259' title='bbox 1772 3877 1938 3930; x_wconf 88' lang='lat' dir='ltr'>non</span> <span class='ocrx_word' id='word_1_260' title='bbox 1975 3849 2405 3932; x_wconf 88' lang='lat' dir='ltr'>mediocris</span> <span class='ocrx_word' id='word_1_261' title='bbox 2440 3851 2890 3952; x_wconf 82' lang='lat' dir='ltr'>indicia,v.t</span> <span class='ocrx_word' id='word_1_262' title='bbox 2931 3854 3380 3936; x_wconf 82' lang='lat' dir='ltr'>existimari</span> <span class='ocrx_word' id='word_1_263' title='bbox 3481 3905 3492 3914; x_wconf 74' lang='lat'>‚</span> 
     </span>
     <span class='ocr_line' id='line_1_34' title="bbox 881 3958 3378 4086; baseline 0.001 -38"><span class='ocrx_word' id='word_1_264' title='bbox 881 3963 1252 4076; x_wconf 53' lang='lat' dir='ltr'>dabatur,</span> <span class='ocrx_word' id='word_1_265' title='bbox 1280 3967 1414 4044; x_wconf 91' lang='lat' dir='ltr'>vni</span> <span class='ocrx_word' id='word_1_266' title='bbox 1454 3966 1568 4043; x_wconf 77' lang='lat' dir='ltr'>illi</span> <span class='ocrx_word' id='word_1_267' title='bbox 1602 3958 2017 4045; x_wconf 70' lang='lat' dir='ltr'>concessae.</span> <span class='ocrx_word' id='word_1_268' title='bbox 2080 3962 2339 4086; x_wconf 65' lang='lat' dir='ltr'>Qud</span> <span class='ocrx_word' id='word_1_269' title='bbox 2382 3992 2654 4048; x_wconf 89' lang='lat' dir='ltr'>autem</span> <span class='ocrx_word' id='word_1_270' title='bbox 2696 3980 2834 4074; x_wconf 83' lang='lat' dir='ltr'>per</span> <span class='ocrx_word' id='word_1_271' title='bbox 2869 3996 3114 4048; x_wconf 87' lang='lat' dir='ltr'>omne</span> <span class='ocrx_word' id='word_1_272' title='bbox 3145 3996 3378 4050; x_wconf 81' lang='lat' dir='ltr'>tcm—</span> 
     </span>
    </p>

    <p class='ocr_par' dir='ltr' id='par_1_6' title="bbox 821 4072 3608 4534">
     <span class='ocr_line' id='line_1_35' title="bbox 821 4072 3608 4191; baseline 0.001 -32"><span class='ocrx_word' id='word_1_273' title='bbox 821 4178 825 4182; x_wconf 76' lang='lat'><strong>.</strong></span> <span class='ocrx_word' id='word_1_274' title='bbox 870 4108 1024 4191; x_wconf 72' lang='lat' dir='ltr'>pus</span> <span class='ocrx_word' id='word_1_275' title='bbox 1059 4079 1364 4187; x_wconf 77' lang='lat' dir='ltr'>imperij</span> <span class='ocrx_word' id='word_1_276' title='bbox 1392 4116 1413 4177; x_wconf 73' lang='lat'>3</span> <span class='ocrx_word' id='word_1_277' title='bbox 1442 4103 1589 4157; x_wconf 87' lang='lat' dir='ltr'>nec</span> <span class='ocrx_word' id='word_1_278' title='bbox 1608 4076 1694 4155; x_wconf 84' lang='lat' dir='ltr'>in</span> <span class='ocrx_word' id='word_1_279' title='bbox 1718 4072 2157 4160; x_wconf 82' lang='lat' dir='ltr'>consessum</span> <span class='ocrx_word' id='word_1_280' title='bbox 2181 4077 2533 4159; x_wconf 87' lang='lat' dir='ltr'>vehiculi</span> <span class='ocrx_word' id='word_1_281' title='bbox 2566 4106 3065 4189; x_wconf 80' lang='lat' dir='ltr'>quemquam</span> <span class='ocrx_word' id='word_1_282' title='bbox 3101 4075 3374 4160; x_wconf 85' lang='lat' dir='ltr'>snsce-</span> <span class='ocrx_word' id='word_1_283' title='bbox 3601 4171 3608 4174; x_wconf 8' lang='grc' dir='ltr'>ἡ</span> 
     </span>
     <span class='ocr_line' id='line_1_36' title="bbox 878 4186 3501 4303; baseline 0.002 -33"><span class='ocrx_word' id='word_1_284' title='bbox 878 4195 1026 4302; x_wconf 84' lang='lat' dir='ltr'>pit,</span> <span class='ocrx_word' id='word_1_285' title='bbox 1047 4194 1295 4271; x_wconf 84' lang='lat' dir='ltr'>necin</span> <span class='ocrx_word' id='word_1_286' title='bbox 1318 4188 1593 4272; x_wconf 81' lang='lat' dir='ltr'>trabea</span> <span class='ocrx_word' id='word_1_287' title='bbox 1613 4186 1921 4269; x_wconf 87' lang='lat' dir='ltr'>socium</span> <span class='ocrx_word' id='word_1_288' title='bbox 1944 4191 2343 4297; x_wconf 82' lang='lat' dir='ltr'>priuatum</span> <span class='ocrx_word' id='word_1_289' title='bbox 2366 4187 2739 4293; x_wconf 86' lang='lat' dir='ltr'>adsciuit,</span> <span class='ocrx_word' id='word_1_290' title='bbox 2765 4191 3129 4275; x_wconf 84' lang='lat' dir='ltr'>vtfecere</span> <span class='ocrx_word' id='word_1_291' title='bbox 3150 4195 3375 4303; x_wconf 83' lang='lat' dir='ltr'>prin·</span> <span class='ocrx_word' id='word_1_292' title='bbox 3409 4211 3501 4297; x_wconf 72' lang='lat'>35</span> 
     </span>
     <span class='ocr_line' id='line_1_37' title="bbox 874 4297 3378 4414; baseline 0.003 -30"><span class='ocrx_word' id='word_1_293' title='bbox 874 4306 1092 4409; x_wconf 86' lang='lat' dir='ltr'>cipes</span> <span class='ocrx_word' id='word_1_294' title='bbox 1117 4297 1559 4384; x_wconf 84' lang='lat' dir='ltr'>consecrati</span> <span class='ocrx_word' id='word_1_295' title='bbox 1580 4365 1603 4401; x_wconf 84' lang='lat'>,</span> <span class='ocrx_word' id='word_1_296' title='bbox 1644 4311 1725 4384; x_wconf 72' lang='grc' dir='ltr'>δι</span> <span class='ocrx_word' id='word_1_297' title='bbox 1760 4300 2038 4383; x_wconf 84' lang='lat' dir='ltr'>fimilia</span> <span class='ocrx_word' id='word_1_298' title='bbox 2069 4304 2328 4385; x_wconf 88' lang='lat' dir='ltr'>multa</span> <span class='ocrx_word' id='word_1_299' title='bbox 2349 4367 2370 4403; x_wconf 88' lang='lat'>,</span> <span class='ocrx_word' id='word_1_300' title='bbox 2410 4332 2588 4414; x_wconf 70' lang='lat' dir='ltr'>quat</span> <span class='ocrx_word' id='word_1_301' title='bbox 2619 4307 2874 4388; x_wconf 84' lang='lat' dir='ltr'>elatus</span> <span class='ocrx_word' id='word_1_302' title='bbox 2897 4308 2980 4386; x_wconf 89' lang='lat' dir='ltr'>in</span> <span class='ocrx_word' id='word_1_303' title='bbox 3011 4303 3378 4391; x_wconf 85' lang='lat' dir='ltr'>arduum</span> 
     </span>
     <span class='ocr_line' id='line_1_38' title="bbox 870 4404 3374 4534; baseline 0.004 -37"><span class='ocrx_word' id='word_1_304' title='bbox 870 4413 1379 4528; x_wconf 74' lang='lat' dir='ltr'>supercilium</span> <span class='ocrx_word' id='word_1_305' title='bbox 1402 4439 1793 4526; x_wconf 80' lang='lat' dir='ltr'>tanquam</span> <span class='ocrx_word' id='word_1_306' title='bbox 1812 4414 2034 4529; x_wconf 77' lang='lat' dir='ltr'>leges</span> <span class='ocrx_word' id='word_1_307' title='bbox 2052 4404 2512 4526; x_wconf 71' lang='lat' dir='ltr'>aeqtiiffimais</span> <span class='ocrx_word' id='word_1_308' title='bbox 2536 4418 3374 4534; x_wconf 52' lang='lat' dir='ltr'>obseruauitffiraeretn-</span> 
     </span>
    </p>
   </div>
   <div class='ocr_carea' id='block_1_2' title="bbox 3696 1581 3703 5108">
    <p class='ocr_par' dir='ltr' id='par_1_7' title="bbox 3696 1581 3703 5108">
     <span class='ocr_line' id='line_1_39' title="bbox 3696 1581 3703 5108; baseline 0 0"><span class='ocrx_word' id='word_1_309' title='bbox 3696 1581 3703 5108; x_wconf 95' lang='lat' dir='ltr'> </span> 
     </span>
    </p>
   </div>
  </div>
 </body>
</html>
