3746 5175
3039 0 3110 28 ,ᾖν-’,Α

1328 115 1817 267 mni-:a
1884 183 2334 290 xxvn.
2481 249 2496 266 .
2897 193 3045 310 3⁷37

537 322 723 408 leue
743 318 1081 435 quidem
1100 315 1722 406 sedcauendum
1741 322 2178 434 iudicibus.
2219 332 2369 415 Per
2387 328 2664 420 omnia
2695 331 2913 415 enim
2933 336 3045 415 ci·
3153 395 3160 402 ,
3237 321 3248 334 “

422 497 429 507 -
538 439 814 522 uitatis
845 434 1256 539 membra,
1297 462 1477 546 quae
1510 434 2015 524 diuersorum
2052 445 2520 554 Principum
2552 472 3041 533 exornarunt
3091 473 3111 491 ’

458 561 467 564 ’
541 546 921 662 impensae
944 614 969 654 ‚
992 575 1293 632 nomen
1326 554 1741 745 prqprium
1772 553 2307 642 inscribebat:
2345 584 2516 639 non
2543 585 2634 641 vt
2668 587 3048 649 veterum
3123 593 3127 606 ·

535 663 1008 748 instaurator
1045 728 1070 766 ‚
1105 660 1244 746 sed
1281 691 1440 746 con
1501 666 1689 751 itor.
1730 675 1951 778 ,Quo
1984 672 2188 774 vitio
2222 667 2613 753 laborasse
2645 676 3042 780 Trajanus
3083 743 3098 754 ,

415 774 475 884 '5
541 774 840 863 dicitur
859 779 1288 888 Princepsz
1325 774 1542 860 vnde
1578 805 1766 863 eum
1798 782 2137 866 herbam
2175 787 2654 895 parietinam
2679 786 3050 870 iocando

535 892 1258 1008 cognominarunt.
1334 893 1505 976 Hic
1547 890 1973 980 Praefe&m
2027 902 2479 1012 exagitatus
2527 897 2641 980 est
2684 899 3044 984 motibus

538 1008 839 1090 crebris
860 1041 880 1088 z
904 1032 1066 1089 vno
1087 1007 1459 1088 omnium
1495 1010 1856 1095 maximo
1877 1074 1903 1113 ‚
1927 1037 2114 1094 cum
2129 1012 2473 1095 eolletsta
2489 1013 2717 1122 plebs
2735 1012 3039 1116 infima,

538 1117 889 1204 domum
908 1117 1077 1202 eius
1101 1144 1351 1230 prope
1374 1119 2148 1208 Constantinianum
2166 1126 2580 1214 lauacrum
2594 1128 2903 1231 injeffis
2921 1126 3064 1216 fas

390 1326 423 1346 Γ
534 1233 769 1317 cibus
785 1229 1268 1318 incenderat
1299 1245 1382 1320 δε
1413 1237 1813 1321 malleolis
1846 1301 1871 1338 ,
1908 1239 1993 1320 ni
2024 1236 2532 1324 seruitiorum
2569 1250 2651 1325 δε
2687 1238 3043 1326 familia-

382 1356 501 1439 ιω
543 1350 755 1432 rium
768 1346 1039 1432 veloci
1057 1345 1853 1434 concursuasummis
1872 1353 2277 1435 tectorum
2308 1345 2803 1436 culminibus
2832 1358 3043 1464 peti-

541 1459 844 1548 tasaxis
862 1462 1260 1575 &tegulis
1289 1459 1793 1548 absceffiffet.
1817 1498 1825 1504 ·
1847 1460 2130 1576 anue
2159 1469 2240 1548 vi
2280 1471 2599 1550 territus
2628 1465 2793 1578 ipse
2812 1532 2836 1569 ‚
2865 1464 3052 1549 fre--

539 1574 920 1690 mittique
938 1572 1513 1660 crebrescentis
1532 1573 1947 1662 seditionis
1961 1580 2048 1658 in
2065 1580 2320 1660 maius
2338 1644 2362 1681 ,
2381 1577 2687 1666 seceffit
2703 1578 2811 1663 ad
2832 1583 3041 1667 Mil-

542 1679 771 1773 uiuin
784 1715 1131 1803 pontem
1153 1694 1434 1800 (quem
1455 1686 1804 1772 struxisse
1821 1687 2179 1800 superior
2193 1689 2492 1778 dicitnr
2512 1695 2886 1801 Scaurus)
2908 1692 3043 1778 ad-

410 1895 426 1912 ,
543 1800 1319 1890 lenimentaibidem
1337 1805 3046 1918 tumultus.operiens‚quemcausaconcita-

406 1930 499 2011 ⁸15
554 1944 778 2002 uerat
801 1919 1095 2033 grauis.
1130 1913 1468 2002 :edificia
1496 1919 1800 2032 erigere
1850 1921 2220 2004 exoriens
2255 1923 2472 2002 noua
2503 1928 2539 2023 ‚'
2561 1919 2692 2003 vel
2727 1920 3036 2006 vetusta

555 2031 917 2145 quaedam
938 2031 1402 2133 instaurans,
1422 2058 1592 2113 non
1608 2059 1707 2115 ex
1724 2032 1974 2117 titulis
1995 2031 2247 2134 solitis
2264 2038 2521 2144 parari
2539 2031 2878 2120 iubebat
2891 2035 3039 2118 im·-

544 2143 861 2258 pensas:
886 2144 1028 2231 sed
1052 2143 1101 2226 fi
1123 2142 1425 2227 ferrum
1446 2145 1993 2256 quaerebatur,
2022 2173 2164 2231 aut
2198 2149 2627 2259 plumbum
2649 2213 2675 2250 ,
2714 2173 2860 2248 aut
2888 2173 3040 2253 κε,

536 2286 689 2344 aut
707 2259 1164 2372 quidquam
1186 2257 1436 2346 fimile
1454 2324 1478 2361 ,
1500 2262 1989 2371 apparitores
2010 2262 2666 2347 immittebantur
2685 2327 2710 2363 ,
2747 2264 2890 2374 qui
2908 2291 3040 2347 ve·-

538 2374 667 2458 lut
688 2401 1051 2459 ementes
1070 2371 1414 2460 diuersas
1432 2400 1805 2485 raperent
1836 2371 2137 2485 species
2156 2437 2180 2475 ,
2202 2377 2428 2458 nulla
2447 2378 2702 2486 pretia
2731 2371 3052 2487 persol-·

382 2479 506 2561 '²0
537 2486 862 2572 nendo:
897 2484 1112 2572 vnde
1149 2483 1675 2574 accensorum
1719 2484 2222 2572 iracundiam
2263 2515 2707 2599 pauperum
2740 2487 3040 2574 damna
3083 2508 3090 2516 '

530 2600 1023 2687 deflentium
1040 2603 1321 2687 crebra
1337 2601 1543 2717 aegre
1574 2607 1845 2714 potuit
1872 2603 2115 2686 celeri
2149 2605 2398 2687 vitare
2431 2598 2793 2717 digressu.
2850 2601 3037 2688 Ad·-

537 2720 776 2802 uenit
805 2712 1196 2801 suecess‘or
1231 2716 1399 2801 eius
1434 2744 1533 2800 ex
1550 2712 2006 2832 Qaefitore
2043 2717 2320 2826 palatij
2342 2718 2758 2799 quentius
2778 2718 3038 2820 ,inte-

541 2858 687 2945 ger
705 2843 787 2916 δι
808 2828 1185 2941 prudens,
1207 2834 1670 2941 Pannonius
1689 2895 1714 2935 ‚
1734 2832 1964 2915 cuius
1980 2827 2562 2915 administratio
2584 2831 2857 2941 quieta
2873 2825 3036 2914 fuit

398 3039 405 3047 ,
547 2958 633 3031 δε
707 2940 1943 3055 lacida,copiarerumomnium
1964 2943 2246 3027 fluens.
2300 2946 2406 3028 Et
2438 2943 2662 3026 hunc
2694 2968 3035 3053 quoque

404 3067 507 3145 ²5
554 3056 638 3142 di
676 3057 1095 3145 cordantis
1115 3061 1395 3169 populi
1414 3056 1844 3142 seditiones
1868 3083 2217 3143 terruere
2240 3084 2592 3140 cruentae
2613 3119 2637 3157 ‚
2660 3085 2837 3168 quae
2869 3058 3037 3142 tale

540 3174 975 3286 ne‘gotium
1002 3174 1484 3259 excitauere.
1542 3170 1940 3257 Damasus
1983 3184 2064 3256 &c
2099 3169 2421 3258 Vrsinus
2476 3170 2703 3282 supra
2740 3171 3052 3271 huma·‘

549 3284 1107 3368 nummodum
1124 3285 1230 3369 ad
1247 3283 1717 3399 rapiendam
1739 3282 2283 3394 episcopalem
2318 3282 2590 3366 sedern
2627 3283 3031 3388 ardentes,

544 3396 779 3482 sciffis
811 3394 1090 3490 studiis
1123 3397 1548 3509 asperrime
1577 3398 2256 3483 conflictabantur
2288 3461 2312 3499 ,
2344 3395 2702 3508 adusque
2751 3401 3035 3482 mortis

375 3608 393 3619 ‚
544 3510 1139 3623 vulnerumque
1162 3512 1616 3597 discrimina
1637 3510 2124 3618 adjumentis
2145 3507 2986 3623 Vtriusqueprogreffis
3001 3543 3029 3591 ε

380 3634 499 3717 3⁰
540 3654 724 3738 quae
746 3653 899 3709 nec
918 3630 1316 3741 corrigere
1338 3626 1728 3712 sufficiens
1756 3629 2176 3710 quentius
2196 3651 2348 3705 nec
2378 3625 2743 3726 mollire,
2762 3625 3039 3707 vima-

600 3768 706 3822 na
734 3741 1055 3825 coaetus
1088 3739 1387 3826 seceffit
1421 3744 1509 3821 in
1556 3734 2097 3849 suburbanum
2137 3801 2161 3841 ,
2194 3748 2276 3821 &
2306 3740 2389 3816 in
2421 3739 3037 3823 concertatione
3137 3810 3138 3817 Ν

535 3768 1052 3964 {sperauerat
1074 3853 1467 3940 Damasus
1486 3920 1509 3955 ‚
1537 3840 1961 3963 parte'quae
1979 3855 2056 3935 ei
2069 3847 2406 3942 fauebat
2420 3848 2788 3937 instante.
2812 3857 3037 3938 Conss

538 3963 858 4076 statque
873 3968 961 4055 in
976 3964 1293 4055 basilica
1318 3970 1652 4060 Sicinini
1670 3966 1854 4067 gvbi
1873 3968 2070 4049 ritus
2090 3969 2162 4050 C
2175 3962 2527 4045 hristiani
2548 3965 2658 4048 est
2675 3990 3037 4052 conuen-

536 4079 894 4171 ticulum
907 4145 932 4183 ‚
958 4108 1119 4163 vno
1138 4078 1273 4163 die
1291 4083 1736 4174 centumtri
1742 4081 1969 4192 ginta
1985 4074 2291 4188 septem
2304 4104 2388 4156 re
2393 4102 2617 4184 perra
2639 4074 3038 4161 cadauera
3067 4142 3072 4147 ,

368 4179 484 4292 ‘35
537 4218 1191 4305 peremptorum:
1216 4189 1790 4305 efferatamque
1808 4189 1952 4274 diu
1968 4190 2294 4302 plebem
2313 4186 2516 4303 πετὲ
2531 4187 2801 4300 postea
2826 4185 3039 4289 deli--¹

536 4307 829 4391 uitam.
872 4309 1171 4418 Neque
1192 4335 1347 4420 ego
1367 4307 1639 4389 abnuo
1658 4370 1684 4409 ,
1716 4304 2346 4397 ostentationem
2375 4328 2642 4385 rerum
2670 4297 3038 4385 conside·

540 4440 725 4540 {aq-s
784 4418 1270 4547 vgbanarum
1300 4485 1331 4531 ,
1393 4419 1635 4521 huius
1678 4420 1803 4549 {ej
1856 4416 2199 4545 cupidos
2264 4418 2377 4539 ob
2423 4414 3056 4630 ιἰξγψςιῐαηάμιιζ,

2558 4558 2614 4615 u
2908 4576 2914 4587 .

250 865 273 898 Ι
