3746 5175
788 147 944 253 ‘19¹0'
1222 136 1880 228 AMMIANI
1967 136 2867 229 MARCELLINI

787 289 1288 382 terseindunt
1306 304 1389 378 &2
1411 290 1769 376 Thracas
1792 357 1814 390 ‚
1829 289 2027 370 hinc
2049 290 2347 388 vicinae·
2370 285 3281 373 mediterraneis-Dacis

788 426 871 497 δε
894 405 1239 493 Serdicae
1262 472 1284 509 ,
1306 403 1496 486 inde
1515 384 1902 487 ‘Thracias
1925 398 2469 511 despc&a11tes
2491 414 2570 487 &
2596 401 3266 512 Philippopolim,

785 525 1161 608 ciuitates
1182 521 1486 629 amplas
1511 529 1594 601 &c
1613 517 1928 601 nobiles
1953 550 1970 598 ε
1992 527 2073 601 δι
2095 520 2529 625 (tanquam
2557 517 2875 601 Natura
2908 518 2996 595 in
3027 512 3297 597 dirim·
3394 547 3416 572 ··

784 660 978 721 nem
1017 641 1477 723 Romanam
1512 627 1991 742 redigendas
2033 630 2401 711 nationes
2433 626 2917 711 circumsitas
2954 655 3275 738 praeno-

791 750 1063 835 scente
1077 760 1111 848 )
1143 753 1256 831 ita
1277 744 1628 856 figuratae
1648 739 2025 825 consulto
2046 806 2069 841 ‚
2096 743 2305 823 inter
2333 770 2543 824 artos
2565 743 2828 823 ‘colles
2854 739 3275 852 quondam
3344 758 3384 833 5
3410 794 3425 819 2

791 864 1110 951 hiantes
1131 850 1710 955 obscuriu5,ad
1749 844 2405 967 magnitudinem«
2429 852 3027 965 splendoremtp
3066 853 3281 964 post-

748 1000 893 1061 fea
944 975 1180 1056 rebus
1231 973 1461 1055 elatis
1504 963 1921 1079 patefastae
1952 965 2134 1050 sunt
2166 980 2250 1051 δε
2285 971 2719 1080 carpentis:
2761 965 3276 1078 aditibusque

794 1089 1233 1202 aliquoties
1255 1081 1528 1167 clausis
1547 1106 2030 1195 magnorum
2053 1072 3022 1193 ducum‘po'pulori‘imque
3041 1107 3271 1190 repu-

791 1208 958 1287 lere
977 1226 1344 1305 conatus.
1411 1198 1517 1279 Et
1536 1223 1708 1307 pars
1742 1223 1920 1303 quae
1942 1195 2357 1305 Illyricum
2376 1191 2669 1303 spectat
2690 1197 3009 1277 mollius
3026 1192 3287 1293 edita,-

792 1319 1021 1401 velut
1043 1318 1365 1421 incauta
1385 1305 1720 1393 subinde
1735 1305 2175 1417 superatur.
2214 1314 2459 1391 Latus
2482 1308 2738 1392 verbe
2762 1314 3091 1423 regione
3127 1334 3276 1416 op·
3316 1339 3415 1395 ιο

794 1428 1143 1543 positum
1184 1424 1554 1508 Thraciis
1577 1486 1598 1523 ‚
1634 1446 1884 1531 prona
1916 1420 2378 1503 humilitate
2413 1417 2893 1533 demptum,
2926 1418 3277 1531 hincque

801 1557 882 1629 ἅς
904 1540 1092 1623 inde
1111 1534 1438 1649 fragosis
1460 1532 1916 1622 tramitibus
1944 1531 2435 1643 'impeditum
2455 1598 2478 1636 ,
2513 1532 2843 1619 difficile
2876 1533 3278 1629 scanditur

800 1660 1046 1740 etiam
1070 1653 1296 1733 nullo
1316 1674 1673 1731 vetante.
1719 1644 1886 1729 Sub
1900 1645 2064 1728 hac
2083 1646 2517 1728 altitudine
2553 1675 2942 1763 aggerum
2970 1648 3277 1733 vtrobi-

798 1792 960 1881 que
981 1760 1315 1877 spatiosa
1338 1784 1811 1871 camporum
1839 1761 2209 1867 planities
2240 1769 2455 1863 jacet
2478 1826 2502 1863 ‚
2536 1759 2887 1871 superior
2916 1758 3272 1871 adusque

799 1884 1041 1967 Iulias
1068 1881 1283 1988 alpes
1307 1876 1636 1958 extenta
1656 1940 1677 1976 ‚
1697 1868 2159 1959 inferiorita
2192 1868 2549 1983 resupina
2572 1887 2653 1958 δι
2672 1874 2980 1985 panda,
3002 1900 3087 1957 vt
3101 1875 3275 1957 nul·
3309 1894 3391 1971 15
3424 1900 3445 1950 s

791 1995 890 2077 lis
913 1993 1328 2093 habitetur
1348 1987 1775 2099 obstaculis
1812 1981 2169 2094 adusque
2198 1983 2498 2070 fretum
2542 2000 2637 2072 δε·
2662 1986 3289 2098 Propontidem„

800 2113 960 2192 His
982 2134 1069 2187 vt
1088 2111 1167 2184 in
1185 2131 1269 2195 te
1289 2098 1778 2208 talitam'que
1804 2100 2114 2211 vrgenti
2137 2097 2622 2209 compositis,
2650 2101 3274 2215 Magistroequi.

795 2249 972 2305 tum
995 2220 1163 2298 ilhc
1185 2216 1457 2296 relisto
1480 2277 1502 2310 ‚
1531 2216 1981 2320 Imperator
2013 2215 2437 2296 reuertitur
2472 2209 2835 2301 Naess'um
2864 2214 3283 2323 copiosum.

798 2328 1398 2442 oppidum‚quo
1423 2328 1496 2405 in
1509 2321 1609 2406 de
1628 2324 2006 2432 expedite
2026 2326 2309 2406 cun&a
2329 2323 2791 2435 disponeret
2809 2323 2957 2409 suis
2978 2330 3281 2409 vtilita-
3410 2409 3423 2421 ,

797 2448 1014 2532 tibus
1038 2437 1487 2554 profutura.
1522 2418 1691 2522 Vbi
1709 2439 2121 2549 Vistorem
2140 2436 2360 2547 apud
2382 2442 2760 2533 Sirmium
2777 2437 3079 2549 visum,
3098 2438 3279 2522 scri-
3308 2457 3418 2512 20

795 2586 1118 2679 prorem
1137 2553 1602 2636 historicum
1623 2618 1644 2654 ,
1664 2549 2125 2663 exinquue
2144 2554 2414 2634 venire
2434 2581 2947 2665 praeccptum,
2972 2557 3281 2638 Panno-

797 2676 951 2756 niae
974 2666 1336 2760 secundae
1359 2665 1891 2751 Consularem
1915 2662 2299 2774 praefecit,
2321 2679 2399 2751 δι
2422 2667 2861 2751 honorauit
2878 2695 3095 2750 aenea
3130 2668 3285 2754 sta-

799 2816 944 2871 tua
963 2787 1220 2874 virum
1245 2779 1690 2860 sobrietatis
1710 2783 1960 2890 gratia
1983 2778 2565 2863 multilaudum
2584 2848 2606 2883 ,
2646 2783 2910 2864 multo
2943 2780 3118 2891 post
3137 2788 3287 2870 Vr·-

805 2900 890 2992 bi
916 2894 1409 2981 Praefectum.
1437 2891 1772 3000 Iamque
1789 2891 2025 2974 altius
2046 2889 2121 2971 se
2139 2895 2657 2994 extollens,&
2677 2917 3093 3005 nunquam
3110 2922 3281 2977 cre·

804 3011 1003 3094 dens
1022 3006 1125 3090 ad
1148 3004 1676 3088 concordiam
1703 3008 2124 3114 prouocati
2143 3001 2356 3114 posse
2381 3007 3275 3109 Constantium‚oratio·
3314 3047 3411 3126 25

803 3151 996 3214 nem
1029 3120 1397 3216 acrem&
1419 3120 1943 3218 inueniam,
1982 3118 2273 3227 probra
2307 3117 2676 3230 quaedam
2709 3122 2791 3201 in
2812 3124 3285 3230 eumexpla·

800 3263 1136 3321 nantem
1170 3245 1249 3317 δέ
1285 3236 1478 3314 vitia
1513 3299 1534 3333 ,
1583 3228 1992 3340 scripserat
2022 3229 2125 3312 ad
2161 3229 2551 3316 senatum.
2590 3238 2823 3349 ‚Q
2859 3231 3044 3316 cum
3079 3238 3283 3319 Ter-

721 3381 737 3388 ·
800 3353 1008 3440 tullo
1059 3345 1657 3428 administrante
1721 3343 1993 3424 adhuc
2042 3343 2585 3454 praefecturam
2634 3349 3160 3440 recitarentur
3200 3353 3287 3432 in

804 3469 1068 3566 curia,
1100 3464 1442 3546 eminuit
1475 3459 1924 3539 nobilitatis
1974 3487 2161 3542 cum
2206 3456 2554 3568 speciosa
2584 3459 2882 3542 fiducia
2912 3464 3281 3573 benigni-

669 3641 682 3650 -
803 3606 922 3661 tas
959 3604 1208 3690 grata.
1269 3576 1830 3655 Exclamatum
1853 3569 2193 3660 estenim
2217 3574 2299 3652 in
2321 3600 2567 3655 vnum
2598 3575 3073 3657 caustorum
3106 3572 3401 3696 seu-,30

805 3695 1063 3778 tentia
1101 3714 1602 3801 congruente
1639 3750 1662 3786 ‚
1710 3700 2176 3771 AVCTOR
2202 3704 2243 3766 I
2336 3701 2562 3772 TVO
2655 3706 3276 3772 REVEREN-

800 3819 932 3888 TI
955 3818 1018 3883 A
1039 3822 1124 3886 Μ
1186 3821 1245 3884 R
1271 3823 1322 3884 o
1344 3818 1403 3882 G
1421 3816 1487 3880 A
1509 3818 1589 3883 M
1615 3819 1683 3884 V
1703 3813 1801 3880 3.·
1878 3802 2117 3888 Tunc
2136 3811 2216 3883 δι’
2236 3803 2709 3894 memoriam
2734 3802 3275 3905 Constantini,

804 3944 894 4007 vt
914 3917 1323 4007 nouatoris
1358 3909 1950 4021 turbatorisque
1987 3912 2408 4021 priscarum
2442 3917 2712 4028 legum
2751 3928 2835 4006 &1
2866 3916 3106 3998 moris
3135 3945 3285 4004 an-

805 4032 1150 4142 tiquitus
1186 4030 1489 4135 recepti
1526 4091 1548 4125 ‚
1603 4028 1927 4111 vexauit
1962 4092 1985 4128 ‚
2039 4055 2228 4107 eum
2276 4055 2547 4138 aperte
2594 4028 2955 4112 incusans
2989 4093 3011 4131 ,
3048 4028 3286 4139 quod

809 4146 1190 4228 barbaros
1227 4145 1597 4220 omnium
1636 4142 1932 4247 primus
1966 4138 2325 4250 adusque
2359 4138 2610 4223 fasces
2646 4171 2975 4233 auxerat
3006 4155 3085 4232 &c
3120 4171 3281 4226 tra-
3310 4173 3399 4250 35

807 4257 999 4344 beas
1023 4254 1517 4358 consulares·
1572 4250 1856 4332 insulse
1892 4255 2273 4334 nimirum
2305 4266 2385 4337 δέ
2410 4255 2737 4348 leuiter:
2779 4262 2919 4368 qui
2946 4287 3142 4340 cum
3166 4260 3288 4338 vi-

809 4395 982 4456 tare
1020 4367 1356 4466 deberet
1393 4365 1476 4450 id
1533 4360 1762 4477 quod
1804 4362 2162 4462 infestius
2209 4367 2985 4485 objurgauit,breui
3014 4371 3291 4482 pbstea
