3746 5175
62 883 85 964 l

1196 270 1693 366 truta.
1788 275 2164 366 xxv..
2443 347 2452 356 .
2771 276 2941 400 ζῆ

424 416 852 536 stringens.
898 420 1236 534 Deinde
1252 423 1506 513 Tarso
1526 421 1963 538 profeausg
1983 422 2322 512 extentis
2341 420 2760 514 itineribus
2792 459 2936 518 ve-

430 538 564 621 nit
607 534 1009 647 oppidum
1042 537 1595 652 Cappadociae
1624 544 1963 651 Tyana:
2005 539 2149 623 vbi
2179 544 2257 622 ei
2300 541 2582 624 reuerfi
2621 545 2937 630 Proco-

431 651 611 759 pius
645 652 1043 736 Notarius
1060 663 1145 738 δε
1163 650 1676 740 Memoridus
1698 652 2115 741 Tribunus
2149 681 2625 760 occurrunt,
2659 657 2928 770 gesto-

284 871 297 879 ο
416 758 780 872 rumque
811 768 1185 876 aperiunt
1211 791 1568 869 textum,
1604 766 1800 850 hinc
1833 793 1925 852 vt
1968 763 2175 848 ordo
2208 763 2595 878 poscebat
2621 772 2919 875 exorsi,

289 900 343 984 5
432 872 668 985 quod
686 878 1188 975 Lucillianus
1217 878 1793 965 Mediolanum
1821 876 2204 993 ingressus
2239 907 2432 962 cum
2462 883 2921 968 Seniaucho
2993 925 2997 934 ·

426 988 1112 1074 &Valentiniano
1148 992 1534 1076 Tribunis
1558 1058 1579 1094 ‚
1674 1020 1819 1074 uos
1853 989 2195 1077 duxerat
2231 990 2546 1095 secum,
2579 997 2919 1106 cognito

422 1095 664 1211 quod
681 1103 1184 1188 Malarichus
1201 1103 1594 1191 recusauit
1660 1103 2015 1217 uscipete
2049 1101 2586 1220 magisterium
2603 1171 2634 1208 ‚
2664 1102 2916 1192 effuso

320 1280 329 1290 .
418 1209 659 1295 cursu
678 1216 1021 1325 petierat
1042 1221 1377 1304 Remos.
1416 1221 1523 1303 Et
1540 1217 1931 1330 tanquam
1953 1220 2038 1300 in
2063 1220 2235 1301 alto
2271 1220 2535 1330 gentis
2569 1217 2918 1324 filentio,

416 1350 651 1411 extra
665 1328 980 1414 calcem
1000 1393 1025 1431 ,
1046 1356 1134 1414 vt
1148 1328 1443 1415 dicitur
1461 1395 1485 1435 ,
1507 1331 2068 1443 procurrebat:
2092 1342 2176 1417 δι
2192 1330 2752 1443 intempestiue
2771 1359 2919 1442 pa·-⁴

300 1471 383 1533 ιο
419 1461 603 1534 rum
633 1442 889 1526 etiam
916 1470 1096 1527 tum
1129 1443 1458 1531 firmatis
1490 1445 1899 1547 omnibus,
1918 1472 2015 1526 ex
2039 1447 2416 1530 Adiuario‘
2457 1446 2913 1530 ratiociniis

426 1549 866 1636 scrutandis
886 1558 1304 1642 incubuit:
1329 1553 1862 1670 quifraudum
1881 1555 2243 1640 conscius
2276 1568 2358 1644 δε
2392 1583 2784 1642 noxarum
2802 1556 2909 1644 ad

426 1668 807 1750 militaria
820 1664 1037 1783 ligna
1052 1666 1425 1785 confugit
1447 1666 1885 1780 :finxitque
1908 1668 2226 1750 Iuliano
2244 1664 2651 1778 superstite
2680 1674 2763 1752 in
2784 1698 2906 1776 res

426 1805 677 1863 nouas
699 1781 1113 1890 quendam
1129 1782 1495 1867 medium
1527 1777 1930 1866 surrexisse
1966 1813 1984 1863 ε
2030 1782 2253 1862 cuius
2285 1776 2623 1864 fallaciis
2657 1783 2907 1868 turbo

430 1893 789 1977 militaris
819 1900 1202 1979 acerrime
1244 1901 1614 1980 concitus
1654 1893 2208 1981 Lucillianum
2237 1905 2319 1979 &
2353 1894 2940 1989 Seniauchum,

310 2016 387 2101 ¹5
440 2003 763 2089 occidit.
783 2011 1449 2096 Valentinianum
1468 2011 1681 2092 enim
1703 2011 1942 2120 paulo
1960 2004 2234 2119 postea
2255 2006 2908 2116 Principem,tre-
2997 2071 3002 2076 -

434 2114 712 2227 pidum
734 2132 811 2219 ὃς
831 2123 1004 2235 quo
1024 2122 1507 2238 confugeret
1523 2122 2111 2235 ambigentem,
2130 2119 2593 2204 Primitiuus
2609 2115 2904 2230 hospes

431 2234 676 2315 tutius
693 2235 1184 2321 amandarat.
1206 2240 1360 2322 His
1375 2241 1486 2322 ita
1506 2235 1851 2322 tristibus
1872 2233 2151 2317 laetum
2172 2230 2397 2316 aliud
2411 2228 2900 2337 addebatur,

415 2343 689 2429 miffos
708 2346 755 2430 a
775 2352 1067 2433 Iouino
1090 2353 1383 2434 milites
1402 2349 1838 2434 aduentare
1858 2414 1882 2451 ,
1899 2376 2102 2459 quos
2122 2347 2416 2460 Capita
2434 2342 2901 2434 scholarum

410 2457 629 2541 ordo
649 2461 1047 2545 castrensis
1064 2465 1462 2575 appellat,
1494 2466 1959 2547 nuntiantes
1999 2489 2230 2572 aequo
2265 2464 2540 2542 animo
2576 2461 2901 2546 Iouiani

224 2608 231 2619 ·
276 2596 375 2654 ιο
404 2575 841 2686 imperium
862 2580 1236 2690 ampleffl
1253 2580 1696 2661 exercitum
1715 2571 2270 2662 Gallicanum.
2320 2570 2645 2689 Qbus
2666 2603 2902 2664 com-

402 2692 1263 2800 perti3,Valentiniano
1286 2693 1431 2803 qui·
1447 2719 1637 2774 cum
1655 2687 1943 2771 iisdem
1955 2682 2688 2798 redierat,tegenda
2709 2688 2903 2770 Scu-
2983 2750 2990 2759 .

406 2808 805 2887 rariorum
822 2802 1169 2889 secunda
1185 2806 1727 2889 committitur
1757 2801 2181 2902 schola‚&
2216 2800 2670 2912 Vitalianus
2707 2805 2898 2886 Do·

402 2917 926 3003 mesticorum
944 2918 1352 3004 consortio
1372 2920 1733 3033 iungitur
1750 2982 1772 3020 ‚
1799 2917 2309 3002 Herulorum
2328 2909 2373 2996 ὲ
2388 2939 2730 2994 numero
2745 2916 2902 2996 mi·

405 3033 519 3114 les
541 3098 564 3135 ,
608 3035 756 3142 qui
788 3034 1047 3116 multo
1080 3033 1352 3144 postea
1377 3036 1653 3117 austus
1674 3030 2031 3118 Comitis
2066 3024 2461 3141 dignitate
2493 3026 2706 3131 male
2723 3054 2899 3113 rem

278 3162 359 3245 25
404 3170 541 3255 per
560 3148 984 3259 Illyricum
1004 3145 1255 3262 geffit.
1276 3142 1867 3256 confestimque
1886 3139 2901 3227 mittiturin-GalliasArin-
2993 3188 3000 3197 ·

406 3259 664 3344 thaeus
700 3326 725 3363 ,
758 3258 1023 3347 ferens
1056 3264 1321 3343 literas
1355 3257 1457 3341 ad
1494 3259 1943 3360 lominum„
1972 3282 2064 3342 vt
2109 3247 2568 3338 constanter
2616 3280 2896 3367 ageret

404 3371 644 3456 suum
666 3374 1384 3458 obtinenslocum:
1424 3367 1665 3482 eique
1699 3368 2178 3455 mandatum
2212 3366 2364 3468 est,
2397 3394 2488 3449 vt
2523 3364 2897 3450 animad-

399 3492 870 3576 uerteretin
902 3489 1411 3572 concitorem
1442 3486 1885 3588 tumultus,
1918 3479 2440 3591 austeresque
2473 3475 2898 3561 seditionis

392 3600 503 3687 ad
538 3603 1035 3687 comitatum
1056 3602 1300 3685 vineti
1323 3596 2075 3685 transmitterentur.
2109 3593 2297 3678 Post
2330 3618 2508 3702 quae
2539 3615 2630 3673 vt
2661 3589 2895 3675 vide·-

246 3742 344 3820 30
392 3715 651 3803 batur
680 3714 1060 3826 expedire
1096 3712 1510 3827 dispofita,
1538 3709 1758 3824 apud
1792 3709 2127 3820 Aspuna
2161 3704 2509 3791 Galatiae
2540 3704 2896 3785 munici-

379 3834 635 3943 pium
672 3829 965 3930 breue,
999 3829 1407 3914 Gallicani
1436 3829 1733 3929 milites
1778 3821 1915 3908 vifi
1953 3822 2305 3931 Principi
2347 3883 2371 3923 ‚
2410 3814 2896 3932 ingressique

375 3941 1168 4051 consistorium-‚post
1186 3939 1463 4027 audita
1474 3965 1884 4055 gratanter
1898 3967 2074 4051 quae
2091 3935 2893 4047 pertulerant,mune·

375 4061 547 4140 rati
592 4053 862 4139 redire
896 4056 1275 4139 iubentur
1304 4054 1413 4139 ad
1432 4055 1667 4167 signa.
1698 4056 1828 4137 Ἐἰ
1852 4076 2048 4136 cnm
2067 4040 2459 4133 introisset
2477 4048 2891 4235 Anfiyram

382 4174 902 4282 Imperator,
924 4169 1211 4277 paratis
1246 4168 1350 4253 ad
1397 4190 1780 4280 pompam
1824 4195 1969 4278 pro
2005 4186 2373 4273 tempore
2415 4183 2617 4239 nece
2685 4157 2893 4257 ariis,

228 4315 309 4397 35
380 4280 1125 4369 consulatuminiit
1142 4280 1509 4387 adhibito
1532 4285 1613 4362 in
1632 4280 2105 4364 societatem
2141 4272 2436 4360 trabeae
2457 4268 2895 4369 Varronia-

376 4425 503 4481 no
522 4393 724 4477 filio
741 4390 877 4472 suo
893 4390 1342 4477 admodum
1358 4396 1691 4503 paruulo
1717 4428 1735 4475 ε
1759 4396 1982 4476 cuius
2001 4393 2313 4504 vagitus
2331 4446 2357 4484 ,
2378 4380 2894 4493 pertinaciter

368 4507 880 4599 semstantis
896 4536 998 4595 ne
1026 4509 1113 4595 in
1144 4509 1401 4593 curuli
1426 4505 1622 4613 sella
1649 4505 2082 4627 veneretur
2109 4529 2211 4586 ex
2243 4522 2469 4579 more
2495 4558 2520 4595 ,
2551 4489 2636 4575 id
2667 4486 2896 4608 quod

2249 4609 2531 4747 <m
