3746 5175
998 217 1083 322 ,·
1208 219 1677 342 mark
1812 226 2285 334 xxvn.
2806 233 2962 349 '323

458 369 634 458 fens
673 369 998 455 nullum
1035 370 1439 457 inueniret
1473 399 1722 484 quem
1754 370 2122 487 superare
2154 374 2413 490 posset
2445 380 2573 465 vel
2611 407 2947 476 terrere:
3065 371 3078 384 ⁹

460 513 741 570 omnes
762 490 982 581 enim
1000 483 1439 569 formidine
1471 489 1757 597 perciti
1786 490 2063 574 militis
2085 556 2109 593 ,
2132 521 2323 575 cum
2358 524 2741 606 apparatu
2779 488 2958 588 am·

458 596 1425 711 bitiosopropinquontis‚
1449 627 1767 685 montes
1801 604 2165 712 petiuere
2192 608 2602 692 Sertorum
2621 611 2949 724 arduos,·

459 708 1001 798 &inacccffos
1037 710 1177 794 nifi
1218 739 1609 824 perquam
1641 716 1932 828 gnaris.
1975 718 2114 802 Ne
2148 720 2394 831 igitur
2425 722 2686 808 :estate
2724 724 2952 812 omni

340 850 395 929 5
458 823 939 936 consumpta
956 822 1116 908 'fine
1136 825 1309 913 vilo
1330 853 1724 911 remearet
1754 824 2042 912 effectu
2062 894 2092 932 ,
2114 833 2538 918 Arinthaeo
2562 841 2952 952 Magistro

453 937 835 1054 peditum
857 936 1086 1021 miffo
1105 953 1295 1022 cu'm
1315 937 1809 1049 praedatoriis
1833 941 2102 1054 giobis
2125 942 2663 1048 ,familiarum
2693 959 2955 1064 rapuit

447 1079 768 1164 partem
795 1118 819 1155 ‚
867 1080 1048 1163 qua:
1080 1078 1518 1166 antequam
1565 1050 1676 1135 ad
1726 1051 2046 1167 dirupta
2079 1061 2453 1156 venirent
2485 1073 2566 1147 &
2600 1063 2953 1150 flexuosa

450 1168 635 1276 capi
673 1192 1157 1277 potuerunt,
1192 1191 1337 1275 per
1378 1168 1618 1276 plana
1650 1193 2127 1278 camporum
2163 1198 2542 1259 errantes,
2581 1173 2953 1289 Hocque

446 1304 774 1372 tantum
796 1275 1024 1390 quod
1040 1274 1206 1361 fors
1230 1276 1564 1364 dederat
1581 1281 2050 1392 impetrato,
2072 1283 2313 1370 rediit
2330 1316 2519 1370 cum
2539 1286 2688 1374 suis
2707 1296 2952 1373 inno·

304 1422 424 1482 10
451 1396 827 1497 xius,nec
861 1394 1095 1475 illato
1130 1393 1358 1505 graui
1390 1395 1719 1477 vulnere
1755 1421 1909 1475 nec
1940 1423 2313 1510 accepto.
2377 1391 2634 1495 Anno
2664 1402 2948 1490 secuto

394 1553 408 1566 ·
444 1504 775 1621 ingredi
812 1532 1055 1590 terras
1091 1503 1418 1587 hostiles
1451 1507 1622 1617 pari
1650 1507 2072 1592 alacritate
2104 1512 2747 1618 conatus,fufius
2769 1523 2951 1603 Da-

445 1622 679 1725 nubij
701 1617 1151 1735 gurgitibus
1170 1619 1476 1732 vagatis
1496 1614 1935 1730 impeditus
1953 1619 2236 1707 mansit
2266 1627 2739 1731 immobilis,
2758 1631 2949 1742 pro·-

449 1762 555 1846 pe
592 1738 1053 1846 Carporum
1086 1734 1364 1814 vicum
1402 1729 1701 1815 statiuis
1745 1729 2014 1816 castris
2056 1733 2418 1848 adusque
2463 1767 2950 1832 autumnum
3033 1825 3040 1831 .

454 1849 747 1932 locatis
775 1843 1220 1930 emensum.
1255 1841 1533 1948 Vnde,
1553 1846 1743 1957 quia
1771 1844 1975 1929 nihil
2007 1851 2140 1961 agi
2171 1854 2440 1960 potuit
2462 1918 2484 1954 ‚
2511 1851 2948 1942 dirimente

302 1988 407 2072 15
464 1959 1023 2074 magnitudine
1057 1961 1544 2045 fluentorum
1564 2022 1591 2062 ,
1623 1961 2304 2073 Marcianopolim
2328 1962 2432 2046 ad
2462 1965 2793 2054 hiberna
2815 1969 2947 2053 di..

454 2072 741 2160 sceffit.
779 2073 1495 2186 Similipertinacia
1512 2075 1761 2158 tertio
1778 2099 2113 2187 quoque
2149 2095 2368 2159 anno
2396 2107 2536 2189 per
2555 2082 2949 2167 Nouidu-

438 2214 658 2271 -uum
687 2183 1023 2270 nauibus
1058 2183 1169 2270 ad
1201 2182 1914 2271 transmittendum
1951 2215 2273 2272 amnem
2331 2197 2722 2278 connexis
2766 2189 2952 2307 per·
3039 2253 3052 2266 .

442 2328 693 2413 rupto
725 2302 1152 2384 barbarico
1185 2363 1213 2404 ,
1260 2301 1757 2386 continuatis
1790 2301 2211 2414 iti‘neribus
2257 2307 2579 2421 longius
2608 2336 2947 2449 agentes

447 2408 1559 2531 Greuthungos‚,bellicosam
1595 2439 1953 2530 gentem,
1976 2412 2373 2529 adgreffus
2407 2418 2562 2501 est:
2599 2423 2945 2535 postque

280 2531 415 2633 ‘zo
442 2530 762 2623 leuiora
808 2530 1250 2616 certamina
1293 2524 1890 2613 Athanaricum
1926 2554 2019 2608 ea
2061 2529 2536 2639 tempestate
2586 2534 2948 2623 iudicem

280 2646 286 2650 ’
441 2643 1085 2757 potentiffimum
1106 2638 1431 2745 ,ausum
1463 2639 1807 2723 refistere
1826 2651 2017 2724 cum
2048 2670 2295 2725 manu
2317 2672 2562 2754 quam
2594 2647 2734 2728 fibi
2769 2677 2947 2732 cre-

438 2757 751 2847 diderit
770 2755 1206 2863 abundate,
1231 2780 1781 2839 extremorum
1798 2781 2035 2838 metu
2052 2759 2331 2869 coegit
2356 2759 2442 2838 in
2474 2754 2798 2873 fugam:
2822 2767 2949 2877 ip-
3057 2768 3064 2775 “

434 2872 693 2985 seque
722 2902 915 2968 cum
950 2869 1327 2957 omnibus
1362 2863 1516 2952 suis
1554 2871 2241 2978 Marcianopolim
2279 2868 2578 2956 rediuit
2622 2873 2729 2956 ad
2761 2874 2946 2959 hie-

436 2982 1504 3101 memagendam,vtinillis
1535 2981 1914 3067 traffibus
1945 2980 2334 3068 habilem.
2370 2982 2742 3072 Aderant
2768 2992 2950 3099 post

304 3100 417 3202 '25
450 3097 808 3185 diuersos
845 3101 1163 3205 triennij
1184 3090 1406 3179 casus
1427 3092 1764 3178 finiendi
1802 3095 2002 3177 belli
2033 3099 2382 3179 materiae
2419 3101 2948 3212 tempestiuae.

450 3218 720 3301 Prima
758 3279 781 3316 ‚
824 3211 1062 3325 qubd
1096 3241 1197 3293 ex
1241 3210 1624 3319 Principis
1672 3205 2050 3293 diuturna
2094 3209 2646 3321 permansione
2678 3244 2947 3303 metus

452 3328 896 3442 augebatur
930 3325 1267 3408 hostilis.
1320 3324 1565 3409 -Dein
1587 3319 1861 3431 ,quod
1879 3328 2389 3423 commerciis
2410 3329 2728 3432 vetitis,
2751 3332 2947 3415 vlti-

340 3523 357 3531 -
449 3470 590 3525 ma
621 3437 1253 3524 necess'ariorum
1286 3437 1564 3548 inopia
1596 3434 1916 3517 barbari
1948 3435 2131 3518 strin
2193 3437 2534 3521 ebantur
2557 3474 2582 3521 z
2612 3441 2822 3524 adeo
2853 3471 2948 3529 vt

450 3557 763 3671 legatos
796 3552 1195 3666 supplices
1224 3547 1424 3662 saepe
1451 3550 1866 3632 mittentes
1902 3466 2310 3632 veniaffem
2340 3549 2762 3659 poscerent
2800 3585 2950 3666 pa-

274 3694 391 3776 30
442 3698 661 3752 cem.
707 3671 1041 3786 Qibus
1076 3668 1533 3777 Imperator
1564 3659 1782 3744 rudis
1818 3659 2200 3774 quidem,
2235 3691 2515 3745 verum
2552 3661 2954 3775 spectator

438 3780 721 3867 adhuc
750 3776 1224 3892 aequiffimus
1255 3772 1565 3879 ferum,
1600 3792 2043 3887 antequam
2078 3772 2648 3861 adulationum
2677 3787 2951 3892 perni-

439 3894 678 3980 ciofis
710 3894 1115 3978 illecebris
1147 3914 1428 4005 captus
1467 3916 1720 4002 remp.
1754 3886 2164 3972 funeribus
2206 3898 2608 4007 pei-petuo
2634 3893 2953 3980 deflen-

440 4007 571 4095 dis
604 4008 999 4122 affligeret
1018 4070 1047 4111 ,
1075 4009 1161 4089 in
1192 4030 1633 4091 commune
1660 4001 2124 4089 consultans
2158 4030 2445 4114 pacem
2469 4003 2660 4090 dare
2692 4032 2958 4121 opor-1

438 4149 619 4209 tere
643 4119 1041 4207 decreuit.
1103 4114 1497 4231 Missique
1520 4115 1853 4203 viciffim
1870 4117 2151 4203 viaestor
2174 4129 2256 4201 δε
2276 4117 2737 4203 Ari-nthaeus
2756 4187 2786 4224 ,
2801 4120 2951 4233 qui

262 4240 375 4355 35
437 4263 646 4324 tunc
675 4233 1132 4347 equestrem
1149 4226 1530 4317 militiam
1547 4258 1924 4345 agerent:
2006 4234 2090 4312 ui
2106 4227 2296 4313 cum
2315 4232 2733 4340 propofitis
2752 4262 2952 4317 con-

436 4349 893 4436 ditionibus
924 4345 1284 4435 affentiri
1315 4346 1647 4432 Gothos
1680 4343 1935 4428 docui
2002 4371 2143 4428 ent
2171 4347 2420 4429 literis
2458 4348 2666 4427 veris
2685 4410 2714 4448 ,
2741 4376 2946 4459 prae-

433 4463 791 4590 Q
805 4456 1402 4581 componendae
1410 4461 1601 4589 paci
1618 4462 2117 4548 conueniens
2133 4462 2389 4672 lqcus.
2416 4462 2534 4589 ‘Et
2553 4462 2948 4584 quoniQ

2187 4658 2196 4665 ,
2294 4598 2352 4657 U
2408 4598 2504 4690 Β).
