3746 5175
285 173 317 217 ⁸
966 243 1049 274 .‚
1233 161 1701 256 LIBER
1788 166 2146 254 XXX.
2804 193 2943 282 413

196 311 201 314 ’
455 304 929 407 tetimonio
947 307 1181 391 nobis
1197 336 1599 419 oportuna
1618 305 2005 418 deficeret
2016 309 2121 395 ad
2135 296 2723 395 iuraPerlarum
2730 340 2964 416 ‚eam-

454 446 736 531 rapere
756 425 835 504 vi
851 423 977 504 vel
999 419 1378 507 metuvel
1394 419 1859 505 adulatione
1895 423 2436 536 flagrantium.
2473 432 2687 537 Quae
2704 454 2949 536 repu-

460 559 637 615 tans
671 534 809 615 ille
831 599 853 635 ‚
890 523 1357 643 impendere
1393 531 1535 617 fibi
1562 531 1803 650 praesa
1856 537 2082 621 iebat
2117 539 2452 619 exitium
2488 565 2759 650 graue.
2824 537 2944 623 'Et

466 641 635 726 doli
655 649 812 754 iam
834 645 1180 756 prudens
1202 712 1226 752 ,
1250 675 1402 729 nec
1422 648 1666 733 aliam
1687 564 2015 733 nisxgcito
2038 645 2370 731 discessu
2408 647 2677 734 salutis
2712 647 2946 760 repe-

327 787 375 871 5
462 758 671 841 tiens
704 762 913 842 viam
933 824 956 860 ‚
988 758 1506 844 suadentibus
1537 763 1631 841 iis
1679 762 1969 871 quibus
2019 760 2391 863 fidebat,
2438 764 2956 875 conglobatis

463 871 845 954 trecentis
866 875 1301 958 comitibus
1319 869 1605 956 secutis
1623 900 1812 954 eum
1845 870 1892 955 ὲ
1982 876 2178 957 atria
2199 939 2223 975 ,
2248 901 2440 955 cum
2461 878 2689 985 equis
2720 879 2954 958 velo-
3011 928 3058 946 -.

464 981 820 1085 ciffimis,
842 1014 927 1068 vt
961 992 1045 1066 in
1081 986 1391 1097 magnis
1421 982 1628 1070 solet
1665 902 2089 1096 dubiisdue
2109 990 2541 1072 terroribus
2573 985 2951 1070 audacsster

462 1098 719 1211 magis
738 1125 988 1206 quam
1005 1095 1921 1210 confiderate,pleraque
1940 1098 2101 1181 diei
2120 1125 2345 1207 parte
2365 1097 2685 1182 emensa
2706 1104 2958 1214 egres:-

465 1206 590 1290 sus
624 1214 1032 1294 cuneatim
1068 1212 1543 1321 properabat
1573 1210 2049 1323 intrepidus.
2113 1211 2503 1321 Cumque
2539 1239 2724 1293 eum
2758 1241 2959 1324 pro-

344 1345 433 1400 ιο
464 1323 752 1405 uinciae
776 1322 1301 1406 moderatoris
1316 1325 1714 1434 apparitor
1733 1327 1871 1434 qui
1895 1349 2210 1435 portam
2231 1324 2650 1431 tuebatur,
2695 1331 2957 1436 perci·
3082 1335 3104 1344 “

468 1461 595 1520 tus
611 1430 987 1518 festinato
1006 1435 1266 1518 studio
1288 1433 1688 1544 reperiffet
1720 1440 1805 1518 in
1839 1435 2310 1520 suburbanis
2330 1501 2354 1539 ,
2379 1462 2471 1519 vt
2503 1463 2953 1525 remaneret

468 1549 780 1630 enixius
797 1543 1267 1633 obsecrabat
1292 1583 1310 1632 ε
1339 1561 1420 1633 δε
1441 1575 1722 1659 parum
1745 1548 1907 1648 hoc
1928 1552 2360 1658 impetrato
2383 1610 2407 1642 ‚
2427 1553 2707 1631 mortis
2728 1579 2958 1633 auer-

470 1658 593 1741 sus
611 1658 721 1740 est
736 1688 991 1754 metu.
1014 1667 1228 1750 -Nec
1263 1663 1524 1741 minus
1558 1663 1800 1771 paullo
1836 1661 2108 1771 postea
2146 1662 2555 1773 legionem
2592 1659 2955 1750 secutam

469 1769 795 1884 iquue
831 1772 1460 1874 aduentantem,
1488 1772 1659 1888 ipse
1692 1771 1884 1855 cum
1933 1773 2527 1885 promptissimis
2578 1775 2964 1880 retrorsus

324 1915 407 1995 ¹5
473 1909 895 1967 excurrens
938 1950 962 1986 ‚
992 1882 1505 1995 fundensque
1535 1891 1620 1965 in
1658 1884 1998 1968 modum
2046 1887 2565 1970 scintillarum
2604 1884 2956 2000 sagittas,

471 1994 611 2079 sed
629 2000 1052 2082 voluntate
1072 2009 1337 2082 errans
1357 2062 1382 2100 ,
1401 2001 1482 2077 in
1501 1995 1780 2110 fugam
1802 2000 2204 2108 compulit
2222 2063 2245 2098 ,
2272 2026 2361 2081 vt
2379 2026 2565 2081 cum
2585 2001 2961 2096 Tribuno

471 2112 772 2194 milites
804 2111 1142 2192 vniuerfi
1163 2108 1698 2221 perterrefasti
1722 2174 1747 2212 ,
1765 2110 2112 2212 vinidius
2134 2108 2378 2221 quam
2398 2138 2814 2212 venerant,
2832 2140 2963 2193 re-

472 2249 836 2305 mearent
852 2222 953 2305 ad
974 2251 1270 2306 mutos.
1307 2226 1507 2308 Exin
1525 2219 1834 2308 solutus
1852 2226 2078 2307 omni
2099 2219 2535 2305 formidine
2554 2289 2580 2326 ,
2604 2222 2855 2306 biduo
2877 2238 2965 2311 δε

456 2334 834 2418 ‘binoffio
870 2339 1306 2419 exanclatis
1334 2340 1721 2419 itinerum
1759 2336 2179 2420 laboribus
2223 2340 2534 2449 magnis
2570 2401 2594 2437 ,
2634 2365 2824 2419 cum
2855 2335 2966 2420 ad

325 2469 443 2523 20
477 2446 774 2531 flumen
796 2444 1715 2558 veniffetEuphraten‚&
1736 2451 2008 2560 inopia
2044 2451 2379 2529 nauium
2398 2443 2964 2560 voraginosum

473 2589 796 2645 amnem
832 2558 1044 2643 vado
1081 2559 1401 2646 transire
1432 2591 1599 2644 non
1630 2553 1890 2677 posset
1914 2626 1937 2664 ‚
1973 2558 2223 2642 nandi
2257 2558 2805 2670 imprudentia
2829 2590 2967 2671 pa-

474 2677 857 2759 uentibus
878 2678 1151 2757 multis
1174 2736 1202 2776 ,
1217 2674 1379 2784 ipse
1397 2678 1769 2757 omnium
1789 2676 2143 2757 maxime
2162 2673 2684 2757 minitabatur
2708 2710 2732 2756 τ
2751 2687 2828 2758 &
2858 2704 2975 2756 re·
3056 2680 3068 2686 “

474 2785 913 2890 mansisset,
935 2793 1015 2869 ni
1041 2790 1338 2870 cunctis
1363 2787 2090 2871 versantibus-varia
2108 2785 2189 2867 id
2212 2788 2552 2896 reperire
2589 2786 2970 2896 potuisset

334 2972 357 2978 ,
475 2898 866 3014 effugium
885 2928 914 3003 ,1
938 2905 1021 2987 in
1052 2900 1521 2985 necessi-tatis
1556 2904 1898 3009 abrupto
1933 2898 2448 2984 tutiffimum.·
2473 2902 2851 2982 Leaul-os
2887 2903 2974 2984 in

334 3038 428 3120 25
479 3016 688 3095 villis
712 3041 1073 3122 repertos
1091 3014 1296 3095 binis
1316 3015 1620 3096 vtribus
1642 3010 2093 3095 suffulsetstt
2109 3077 2131 3113 ,
2156 3040 2501 3123 quorum
2521 3011 2977 3096 eratabun-

480 3124 679 3209 dans
698 3125 944 3237 prope
974 3132 1058 3208 in
1094 3131 1296 3239 agris
1323 3130 1642 3210 vinariis
1672 3128 1906 3235 copia
1929 3161 1954 3206 ε
1989 3126 2281 3235 quibus
2317 3123 2643 3239 singulis
2683 3153 2975 3235 proce-

479 3268 601 3322 res
621 3233 1049 3322 insidentes
1067 3253 1146 3325 δι
1168 3242 1483 3353 regulus
1500 3237 1691 3350 ipse,
1711 3246 2075 3320 iumenta
2096 3236 2540 3341 trahentes,
2561 3266 2988 3348 preruptos

481 3352 882 3443 vndarurn
909 3352 1504 3437 occursantium
1525 3353 1803 3434 fluetus
1821 3353 2263 3461 obliquati-s
2299 3351 2996 3463 meatibus'deelif
3023 3390 3040 3401 -

486 3463 1174 3576 nabantzhocque
1207 3493 1685 3548 commento
1714 3462 2046 3548 tandem
2083 3462 2190 3545 ad
2223 3467 2686 3546 vlteriorem
2723 3468 2981 3571 ripam

345 3594 438 3673 30
492 3579 667 3692 post
683 3606 1045 3662 extrema
1063 3575 1511 3660 discrimina
1531 3579 2038 3689 peruenerat.
2092 3574 2725 3660 Refidu'ionmes
2748 3582 2984 3687 equis
3077 3594 3078 3597 '

490 3694 785 3774 inueffl
803 3692 1259 3776 natantibus
1280 3755 1306 3793 ‚
1325 3703 1405 3776 δι
1429 3684 2014 3772 circum-luente
2051 3689 2381 3769 flumine
2413 3688 2627 3799 saepe,
2645 3687 2986 3772 demersi

493 3800 929 3916 hilarique
973 3868 996 3906 ,
1029 3803 1405 3887 infirmati
1445 3800 1897 3913 ‘periculoso
1941 3798 2278 3882 madore
2327 3806 2835 3913 expelluntur
2882 3803 2992 3885 ad

498 3920 927 4001 contrarias
948 3924 1375 4029 margines:
1394 3917 1532 4013 vbi
1550 3914 1942 4028 paulisper
1959 3912 2717 4026 refesti,expeditius
2736 3915 2988 4027 quam

394 4118 407 4147 ι
496 4031 784 4115 diebus
804 4034 1217 4141 praeteritis
1232 4029 1518 4123 incede
1529 4032 1955 4111 bant.Hoc
1975 4029 2352 4115 nuntiato
2374 4033 2748 4139 Princeps
2768 4056 2989 4111 antea

352 4158 435 4240 35
502 4145 697 4228 diffl
729 4141 926 4256 fuga
959 4141 1399 4253 perculsus,
1439 4171 1684 4253 quern
1717 4144 2238 4252 elaqueatum
2285 4139 2532 4224 fidem
2567 4166 3000 4250 rupturum

498 4258 1036 4358 existimabat,
1061 4285 1251 4338 cum
1272 4251 1686 4368 sagittariis
1705 4255 1931 4336 mille
1950 4251 2361 4335 succinstis
2384 4268 2468 4341 δε
2487 4254 2803 4337 leuibus
2824 4259 3002 4339 Da-
3071 4320 3074 4321 f

498 4373 821 4457 nielum
836 4372 1094 4455 mittit
1112 4382 1196 4457 δε
1216 4372 1751 4455 Barzimereru
1768 4390 2291 4453 reuocatus-„os
2309 4395 2410 4447 eu
2422 4398 2503 4449 m
2523 4433 2547 4465 ‚
2570 4370 3002 4452 Comitem

2346 4477 2660 4608 Fffffii
