3746 5175
842 204 995 320 150·
1184 194 1896 290 ἈΜΜῙΑΝῙ
1985 176 2899 337 manerium
3281 304 3286 309 .

829 340 1365 459 'rum'erupit{
1394 348 1545 429 iras
1576 348 1661 428 in
1696 324 2020 427 bosteffi'
2047 336 2451 457 perfidum
2483 372 2761 455 parans
2782 410 2806 448 ‚
2826 344 3078 428 obui‘a
3107 342 3336 460 qux-3

840 492 1005 577 que
1035 461 1583 548 obtruncabat
1616 457 1775 540 fine
1808 457 2326 570 parfimonia,
2351 460 3192 575 viuos'conculcansg&
3214 462 3335 545 se·-
3367 499 3383 512 ··

839 581 1197 664 mineces
1231 604 1327 659 ac
1362 599 1822 684 peremptos
1856 607 1878 655 ε
1924 584 2007 657 δι
2040 600 2483 684 antequam
2528 568 2949 659 exsatiaret
2979 571 3337 659 caedibus

843 690 1281 776 barbaricis
1334 714 1619 770 manus
1650 700 1684 791 ,'
1742 689 2017 789 acerui
2079 686 2506 797 constipati
2556 683 2736 769 sunt
2786 706 3338 775 mortuorum.·

839 806 1368 919 Vrgebantur
1399 802 1625 884 enim
1654 798 1998 883 rebelles
2033 800 2270 903 ‚2aliis
2306 797 2770 903 trucidatis,
2803 803 2997 907 aliis·
3032 800 3336 899 tei-nore
3388 822 3434 908 ς

840 917 1218 1002 difieffis:
1246 942 1596 1026 quorum
1627 939 1800 1025 pars
1842 912 2063 1026 spem
2077 920 2266 998 vitae
2301 910 2517 996 cassis
2550 912 2921 1022 precibus
2953 910 3340 1027 vsurp‘a'n-

840 1029 954 1114 do
991 1096 1017 1133 ‚
1074 1030 1636 1140 multiplicatis
1698 1027 1983 1111 iffibus
2029 1024 2580 1111 caedebantur.-
2625 1022 2965 1140 postque
3017 1026 3338 1114 deletos

842 1172 1123 1231 omnes
1142 1148 1227 1224 in
1251 1167 1677 1253 receptum
1700 1141 2416 1226 canentibuslituis
2439 1156 2480 1242 ‚⁵
2496 1138 2743 1221 nostri
2771 1160 3105 1252 quoque
3137 1144 3341 1227 licet

840 1262 995 1343 rari
1032 1255 1524 1340 videbantur
1568 1256 1979 1338 exanimes
2013 1321 2038 1357 ,
2084 1282 2289 1369 quos
2320 1256 2669 1366 impetus
2702 1259 3337 1338 conculcauerat

843 1373 1281 1455 vehemens
1316 1433 1341 1471 ,
1393 1394 1533 1452 aut
1581 1363 1836 1450 furori
1887 1367 2340 1452 resistentes*
2368 1362 2683 1471 hostili,
2740 1366 3151 1480 lateraque
3185 1396 3336 1450 nu·
3385 1394 3477 1460 ω

843 1478 1127 1568 (ἱππέες
1158 1484 1494 1586 ἰιπςθεα,
1515 1477 1719 1562 ordo
1741 1477 2009 1566 fatalis
2037 1479 2493 1591 absumpfit.
2557 1484 2792 1566 Mors
2813 1484 3106 1564 'tamen
3141 1485 3342 1566 emi·

841 1602 1026 1682 nuit
1066 1600 1276 1682 inter
1334 1597 1539 1679 alios
1577 1596 1842 1680 Cellae
1892 1597 2445 1680 Scutariorum
2485 1596 2891 1699 Tribuni,
2942 1598 3088 1708 qui
3126 1599 3339 1682 inter

842 1707 1344 1825 confligendi
1381 1704 1713 1791 exordia
1764 1711 2065 1820 primus
2105 1713 2477 1792 omnium
2530 1711 2611 1792 in
2658 1708 2976 1792 medios
3009 1714 3336 1794 Sarma-

842 1850 1105 1910 tarum
1126 1824 1418 1937 globos
1455 1819 1531 1904 se
1566 1822 1919 1909 immifit.
1969 1823 2158 1907 Post
2174 1834 2351 1935 quae
2371 1826 2541 1908 tam
2561 1819 3150 1938 saeua,digestis
3169 1849 3334 1935 ‚pro

840 1935 1277 2022 securitate
1327 1939 1680 2020 militum
1714 2001 1736 2038 ,
1797 1966 1977 2049 quae
2025 1941 2372 2020 rationes
2419 1938 2870 2021 monebant
2905 1946 3331 2051 vrgenteS,
3379 1962 3470 2054 ῖς

842 2052 1373 2136 Constantius
1411 2052 1788 2135 Sirmium
1821 2048 2036 2137 redit
2062 2116 2089 2154 ,
2125 2047 2390 2134 ferens
2427 2050 2534 2134 de
2569 2048 2796 2132 hoste
2841 2047 3123 2142 fallaci
3157 2054 3344 2135 vin-

836 2161 1177 2253 dictam:
1206 2176 1290 2251 δε
1307 2166 1922 2276 maturatisquae
1942 2163 2435 2250 neceffitates
2470 2166 2855 2275 temporis
2889 2162 3343 2279 poscebant

840 2277 1281 2381 instantes‚'
1337 2274 1679 2392 egressus
1737 2276 2034 2361 exinde
2079 2278 2884 2389 Constantinopolim
2935 2280 3201 2387 petit:
3241 2304 3340 2362 vt

836 2394 1179 2475 Orienti
1210 2392 1370 2474 iarn
1402 2393 1813 2503 proximus
1836 2456 1860 2495 ,
1898 2391 2263 2478 cladibus
2297 2391 2516 2505 apud
2537 2387 2927 2478 Amidam
2959 2388 3342 2475 medere-

837 2508 970 2590 'tur
1002 2507 1358 2618 acceptis
1379 2571 1401 2609 ,
1423 2518 1506 2592 &c
1528 2504 2086 2622 redintegrato
2123 2503 2700 2618 supplementis
2731 2508 3089 2591 exercitu
3112 2568 3138 2609 ‚
3173 2509 3337 2591 im·
3378 2508 3485 2578 ²⁸9

836 2648 1076 2731 petus
1102 2623 1307 2735 regis
1332 2618 1747 2705 Persarum
1766 2626 1934 2734 pari
1955 2625 2242 2705 virium
2277 2619 2572 2704 robore
2592 2620 3058 2706 cohiberet:
3084 2651 3342 2733 quem
3370 2673 3383 2683 ·

828 2734 1263 2817 constabat
1285 2737 1409 2836 (ni
1446 2734 1774 2818 caelestis
1807 2740 2014 2821 ratio
2039 2803 2066 2838 ,
2103 2731 2696 2846 impensiorque
2726 2737 3155 2846 repelleret
3190 2765 3347 2821 eu-

830 2873 923 2930 ra
956 2849 1446 2952 multorum)
1489 2845 2099 2959 Mesopotamia
2147 2851 2422 2932 relista
2471 2849 2647 2961 post
2694 2875 2961 2964 terga,
3003 2877 3156 2960 per
3192 2880 3343 2935 ex-

830 2971 1066 3044 'tenta
1097 2957 1345 3071 spatia
1385 2958 1599 3076 signa
1645 2988 2091 3048 moturum.
2127 3009 2139 3026 ·
2184 2970 2406 3052 Inter
2450 2963 2596 3045 has
2640 2988 2918 3047 tamen
2961 2960 3340 3049 solicitu-

842 3069 1073 3155 dines
1111 3138 1134 3175 ,
1191 3076 1416 3159 velut
1461 3103 1562 3160 ex
1609 3104 1945 3190 recepto
1998 3078 2364 3190 quodam
2412 3079 2857 3188 antiquitus
2905 3106 3179 3182 more,
3223 3079 3341 3164 ad
3379 3084 3472 3161 25

836 3189 1104 3269 'vicem‘
1137 3188 1537 3273 bellorum
1589 3193 1957 3273 ciuilium
2001 3192 2394 3277 inflabant
2438 3192 2621 3302 litui
2666 3190 3041 3301 quaedam
3093 3197 3345 3278 colo·

729 3323 739 3330 ·
832 3326 1012 3384 rata
1045 3297 1238 3384 laesae
1272 3305 1609 3386 crimina
1642 3304 2073 3388 maiestatis
2101 3333 2493 3416 :quorum
2530 3321 3026 3396 executor&
3059 3305 3344 3394 admi-

832 3414 1080 3496 nister
1111 3412 1311 3525 saepe
1346 3413 1745 3500 dicendus
1778 3420 1920 3499 ille
1941 3420 2338 3502 Notarius
2373 3412 2646 3502 miffus
2676 3420 2790 3504 est
2826 3426 3145 3507 Paulus.
3187 3428 3346 3537 qui

837 3529 1137 3638 peritus
1170 3532 1463 3613 artium
1498 3558 2014 3615 cruentarum
2045 3597 2072 3635 ,
2120 3560 2210 3618 vt
2233 3534 2519 3618 lanista
2551 3560 2650 3617 ex
2683 3541 3197 3620 commerciis
3234 3541 3345 3620 li-

738 3645 743 3651 ’
829 3639 1109 3723 bitinae
1150 3643 1281 3723 vel
1319 3642 1491 3726 ludi
1525 3709 1548 3745 ,
1600 3644 1765 3755 ipse
1816 3673 2153 3759 quoque
2198 3675 2300 3729 ex
2334 3650 2687 3759 equuleo
2725 3713 2749 3752 ,
2785 3652 2914 3731 vel
2948 3650 3341 3735 carnifice
3376 3668 3488 3760 30,

830 3753 1226 3946 Zuaestum
1255 3752 1775 3870 studiumque
1793 3760 2207 3871 captabat.
2248 3768 2364 3850 Vt
2382 3763 2601 3843 enim
2619 3789 2791 3846 erat
2822 3762 3340 3849 obstinatum

896 3863 1250 3980 xumque
1289 3873 1455 3952 eius
1504 3871 2006 3984 propositum
2037 3869 2141 3955 ad
2177 3871 2690 3977 laedendum,
2741 3878 2856 3959 ita
2906 3904 3059 3961 nec
3092 3874 3340 3963 furtis

827 3977 1217 4066 abstinuit
1236 4045 1258 4083 ,
1282 3984 1859 4068 innocentibus
1891 3988 2257 4071 exitiales
2287 3986 2558 4071 c'ausas
2587 3988 3107 4105 adstringens,
3122 3989 3348 4076 dum

824 4095 917 4174 in
955 4094 1435 4193 calamitosis
1467 4097 1877 4209 stipendiis
1910 4096 2382 4186 versaret-ur.
2451 4103 2893 4189 Materiam
2926 4131 3206 4187 autem
3245 4108 3345 4189 in

812 4205 1238 4291 —infinitum
1296 4208 1865 4319 quaestionibus
1914 4213 2447 4298 extendendis
2498 4212 2733 4302 dedit
2785 4217 3099 4301 occafio
3137 4221 3343 4305 vilis
3379 4243 3466 4328 35

833 4329 916 4401 δι
950 4347 1222 4426 parua.
1271 4320 1704 4436 Oppidum
1742 4325 1854 4406 est
1891 4326 2287 4438 Abydum
2322 4332 2406 4411 in
2456 4327 2911 4415 Thebaidis
2962 4360 3192 4444 parte
3246 4325 3342 4417 siss

806 4452 1006 4517 tum
1038 4458 1440 4523 extrema:
1478 4435 1615 4526 hic
1649 4437 1861 4532 Besae
1895 4437 2033 4528 dei
2067 4444 2446 4531 localiter
2473 4445 2865 4558 appellati
2894 4450 3347 4560 oraculum
3427 4447 3450 4482 ·“
