3746 5175
1698 138 1754 192 ο
1892 142 1897 149 .

725 242 994 359 ‚3:7‘2'2.
1176 231 1959 325 =AMMIANI'
2006 220 2690 320 MARCELL
2724 236 2931 319 INI

814 384 1102 474 incolae
1124 382 1779 487 ciuitatum,quas
1798 405 2073 461 amnes
2093 406 2221 461 am
2233 380 2441 488 plexi
2462 376 2775 475 faciunt
2794 384 2871 459 in
2884 371 3322 490 sulas‚p·ar3·

817 506 919 586 ua
936 498 1042 582 sui
1069 492 1363 576 fiducia
1384 491 1676 601 trepidi
1696 492 1803 573 ad
1825 491 2374 601 Ctesiphontis
2396 496 2687 573 moenia
2713 491 2787 573 se
2808 497 3296 577 co‘ntuleriit:

820 644 995 729 pars
1019 638 1153 719 per
1176 607 1542 687 siluarum
1568 603 1808 688 densa
1829 608 2008 709 :alij
2052 634 2189 713 per
2220 603 2549 713 paludes
2586 608 2882 686 vicinas
2916 608 3163 687 alueis
3195 632 3310 685 ar-

825 732 1117 814 borum
1138 721 1914 803 cauatarurninueffi
1941 716 2087 819 ‚ad
2107 722 2427 813 vnicum
2464 720 2853 799 auxilium
2889 730 2973 805 δι
3004 715 3314 829 potissi-

820 869 1053 924 mum
1084 834 1646 944 itineris.longi
1684 829 1913 941 quod
1951 824 2352 939 supererat
2384 828 2893 935 dilabuntur,
2930 833 3311 915 vlteriora
3375 844 3418 918 5

819 950 1152 1066 petituri
1176 973 1585 1032 terrarum.
1628 949 1690 1027 E
1710 945 2007 1055 quibus
2027 943 2460 1027 resistentes
2479 946 2790 1052 aliquos
2825 945 3066 1025 nostri
3098 946 3311 1025 mili-

798 1064 942 1151 ''tes
971 1056 1492 1146 trucidabant
1511 1117 1533 1159 ,
1563 1057 1703 1168 ipsi
1723 1084 2053 1167 quoque
2089 1057 2459 1138 lintribus
2481 1068 2563 1139 &c
2586 1056 2889 1165 cymbis
2926 1084 3065 1167 per
3097 1054 3341 1138 ‘raria-

832 1173 1767 1279 discurrente5‚captiuos
1788 1172 1990 1250 alios
2012 1166 2348 1252 subinde
2370 1166 2947 1276 perducebant.
2976 1166 3071 1250 Id
3095 1170 3313 1250 enim

827 1317 998 1374 erar
1018 1289 1301 1372 librata
1320 1285 1633 1364 ratione
1665 1280 2046 1390 dispositu
2068 1346 2090 1381 ‚
2129 1307 2216 1363 vt
2235 1280 2436 1361 dum
2459 1285 2710 1390 copiae
2732 1279 3127 1390 pedestres
3148 1310 3312 1361 mu·-

830 1433 959 1487 τος
977 1422 1483 1510 oppugnant,
1509 1395 1906 1504 equestres
1928 1421 2206 1477 turmae
2231 1392 2496 1476 diuisae
2516 1420 2654 1502 per
2671 1394 2963 1507 globos
2985 1396 3312 1506 abigen-
3347 1419 3455 1478 ιο

832 1517 950 1599 dis
991 1511 1425 1592 insisterent
1462 1505 1740 1617 praedis
1782 1543 1799 1589 z
1837 1504 2166 1617 hocque
2202 1507 2516 1616 prouiso
2542 1572 2566 1608 ‚
2601 1508 2830 1588 nullo
2863 1510 3311 1617 prouincia·

829 1631 1033 1709 lium
1057 1623 1352 1705 damno
1378 1623 1606 1700 miles
1628 1617 2056 1702 visceribus
2078 1619 2421 1701 hostium
2444 1618 2936 1728 pascebatur.
2977 1618 3317 1729 Iamque

834 1746 1292 1848 Imperator
1311 1737 1550 1815 muris
1574 1730 2033 1842 duplicibus
2069 1733 2502 1841 oppidum,
2539 1730 2823 1814 ordine
2858 1732 3313 1815 circumda-

834 1882 1010 1937 tum
1050 1854 1261 1935 trino
1284 1843 1858 1956 scutorum‚spe
1893 1844 2263 1955 patrandi
2299 1847 2599 1954 incepti
2618 1849 2979 1929 maximis
3009 1846 3309 1929 viribus
3446 1940 3455 1945 .

829 1958 1391 2077 *oppugnabatss
1436 1957 1594 2043 Sed
1619 1985 1703 2041 vt
1723 1984 1892 2041 erat
1911 1955 2381 2039 necessarius
2417 1960 2861 2067 appetitus,
2885 1964 2991 2043 ita
3030 1956 3311 2041 effeffli
3346 1973 3431 2054 ῖς

833 2108 955 2161 res
1000 2076 1517 2160 difficillima:
1558 2100 1744 2152 narn
1783 2066 2133 2151 acceffus
2166 2071 2528 2179 Vndique
2579 2071 2908 2181 rupibus
2958 2071 3317 2155 anfractu

834 2191 1164 2276 celsiore
1187 2183 1500 2269 discissis
1525 2247 1545 2277 ‚
1569 2181 2097 2294 flexuosisque
2118 2182 2554 2265 exceffibus
2575 2185 2684 2265 ob
2706 2187 3155 2295 periculum
3176 2214 3317 2267 an-

836 2333 1023 2414 ceps
1049 2296 1435 2396 ,adeundi
1474 2299 1789 2407 copiam
1823 2294 2032 2377 dene
2095 2298 2324 2378 abat:
2363 2300 2709 2378 maxime
2729 2303 3118 2408 quoniam
3148 2323 3312 2383 tur-

835 2444 956 2499 res
975 2415 1407 2496 crebritate
1443 2424 1525 2496 &5
1564 2407 1996 2494 altitudine
2016 2326 2971 2511 {rmidandaemontem
3004 2415 3321 2495 saxeum
3442 2488 3463 2498 -

838 2532 1036 2615 arcis
1060 2528 1530 2612 naturaliter
1552 2522 1868 2608 editum
1907 2523 2377 2633 aequabant‚
2411 2534 2493 2608 &c
2529 2527 2910 2633 procliuis
2948 2528 3314 2638 planities
3347 2537 3457 2591 20

789 2706 804 2717 ι
838 2647 1149 2732 flumini
1187 2643 1611 2726 imminens
1647 2639 2442 2749 propugnaculorum
2477 2637 2852 2722 firmitate
2900 2643 3323 2723 munieba-

841 2789 994 2844 tur.
1036 2751 1519 2842 Accedebat
1539 2753 1657 2832 his
1681 2750 1898 2833 haud
1918 2751 2173 2831 leuius
2196 2753 2497 2832 malum
2523 2818 2544 2854 ,
2569 2751 2796 2864 qnod
2816 2753 3017 2837 lecta
3039 2782 3321 2835 manus

733 2948 755 2964 x
843 2866 1267 2977 &copiosa
1289 2895 1464 2979 quae
1487 2861 2046 2963 obsidebatur,
2082 2866 2319 2964 nullis
2353 2862 2458 2946 ad
2496 2864 3004 2976 deditionem
3039 2868 3321 2948 illece-

844 2987 1000 3067 bris
1022 2981 1490 3063 flectebatur
1514 3044 1536 3079 ,
1556 2974 1691 3058 sed
1716 3003 2105 3086 tanquam
2122 2974 2575 3086 stipentur-a
2600 2983 2726 3061 vel
2762 2976 3061 3064 deuota
3095 2983 3314 3061 cine-

838 3098 1058 3179 ribus
1085 3093 1348 3205 patria:
1374 3157 1393 3193 ‚
1415 3089 1812 3204 resistebat
1831 3087 2198 3172 aduersis.
2226 3096 2392 3172 lam
2416 3092 2618 3206 aegre
2649 3085 3324 3177 retentabaturin-
3356 3128 3454 3207 25

838 3207 1101 3295 ferens
1123 3205 1198 3286 se
1226 3208 1670 3314 proteruius
1695 3204 1922 3283 miles
1946 3266 1966 3301 ‚
1997 3214 2077 3285 δε
2098 3207 2449 3314 pugnarn
2478 3209 2605 3288 vel
2629 3235 2864 3319 aequo
2887 3236 3175 3318 campo
3198 3211 3323 3288 iu-

844 3321 1127 3433 stoque
1166 3321 1433 3430 praelio
1470 3314 1840 3428 poscens:
1880 3314 2232 3425 cumque
2264 3323 2625 3428 receptui
2661 3347 3120 3419 caneretur,
3158 3319 3327 3402 affi-

844 3433 999 3530 due
1023 3430 1387 3516 animosis
1411 3428 1719 3510 hostem
1744 3426 2079 3542 vrgendi
2102 3433 2531 3514 conatibus
2557 3433 3185 3534 vrebatur.Vicit
3207 3462 3329 3518 ta·

842 3577 1032 3634 men
1084 3546 1536 3630 nostrorum
1585 3541 2007 3626 consilium
2062 3547 2681 3628 contentionem
2732 3552 3020 3632 virium
3078 3551 3325 3630 maxi-

843 3693 1103 3754 mam:
1147 3655 1566 3766 diuifisque
1603 3657 2018 3763 operibus,
2055 3654 2321 3739 officia
2360 3656 2697 3770 quisque
2733 3659 3153 3745 distributa
3189 3691 3317 3780 ca·
3343 3684 3483 3780 30·

846 3774 1073 3886 pessit
1117 3770 1517 3881 ocyffinie.
1568 3772 1790 3852 Hine
1824 3772 2043 3848 enim
2081 3767 2307 3849 ardui
2338 3770 2736 3883 suggestus
2766 3777 3321 3888 erigebantur:

841 3886 1033 3972 'mdc
1053 3882 1142 3984 fo
1155 3877 1436 3967 (sarum
1455 3882 1923 3968 altitudines
1946 3883 2015 3962 al
2031 3889 2045 3959 i
2052 3891 2075 3987 j
2102 3885 2742 3991 complanabanr
2761 3923 2777 3969 ε
2801 3915 3182 3970 terrarum
3204 3892 3327 3970 la-

799 4103 804 4108 ι
844 4000 1103 4092 tibula
1129 4025 1489 4090 concaua
1509 3995 1897 4107 oblongis
1924 3997 2379 4077 tramitibus
2398 3999 2598 4079 alibi
2620 4000 3122 4084 struebantur
3150 4037 3167 4083 z
3196 4005 3339 4083 lo-·

845 4117 1137 4198 cabant
1157 4114 1403 4192 etiam
1422 4107 1762 4190 artifices
1781 4135 2188 4193 tormenta
2228 4113 2561 4191 muralia
2580 4177 2601 4213 ,
2624 4116 2707 4192 in
2727 4109 3077 4198 funestos
3111 4114 3341 4197 soni-·

845 4255 971 4318 tus
995 4251 1498 4334 proruptura.
1540 4223 2076 4302 Etcuniculos
2102 4219 2433 4331 quidem
2474 4230 2949 4309 cum-vincis
2989 4233 3326 4313 Neuitta
3349 4259 3479 4342 355.

848 4353 926 4436 ὃς
956 4333 1514 4448 Dagala‘iphus
1534 4334 1925 4414 curabant
1955 4370 1971 4415 :
2001 4335 2369 4418 ineundis
2390 4359 2662 4420 autem
2684 4340 3221 4443 conflictibus,
3246 4357 3329 4428 δι

854 4445 1387 4550 defendendis
1421 4448 1522 4536 ab
1561 4444 1938 4532 inccndio
1963 4451 2683 4561 vel-eruptionibus
2710 4454 3105 4564 machi-pis
3138 4481 3349 4567 praed

1151 4611 1178 4620 -
3155 4595 3328 4654 crat

3636 5134 3702 5137 l
