3746 5175
656 173 925 318 “4ssss-
1172 115 2818 288 Annuntutmcmum

650 431 657 438 ,
742 336 1181 446 sublidium
1202 402 1228 440 ‚
1247 332 1718 434 incondite(
1737 325 1901 445 qua
1930 333 2277 448 quisque
2305 351 2666 447 poterat)
2704 345 3126 422 vertuntur
3151 328 3245 418 ἰή
3276 389 3288 402 ·

741 453 1026 568 pedes.
1061 451 1455 558 Dumque
1487 474 1769 528 omnes
1807 445 2128 558 disperii
2163 476 2300 536 ner
2333 451 2662 561 ignotos
2699 451 3059 536 tramites
3105 476 3249 532 cea-

746 567 960 651 dunt
979 633 1002 668 ‚
1028 568 1483 673 Imperator
1502 556 1687 654 diris
1708 589 1912 672 pauo
1925 560 2142 648 ribus
2177 557 2752 671 circumseptus
2770 626 2796 664 ‚
2816 557 3247 674 paulatim-

739 708 909 792 que
941 675 1286 759 infilicns
1316 672 1702 758 funerum
1737 675 1993 754 moles
2017 738 2040 775 ‚
2062 670 2167 755 ad
2208 676 2693 757 Lancearios
2737 671 3126 789 confugit
3158 685 3248 759 δε

742 791 1253 885 Mattiarios:
1278 783 1638 898 quidum
1670 784 2117 869 multitudo
2153 784 2653 878 tolerabatur
2689 786 3039 891 hostilis,
3068 784 3242 870 fixis
3270 825 3317 905 5
3380 819 3404 890 3

740 904 1218 1015 corporibus
1243 897 2106 990 steterantinconeuffi.
2152 895 2442 1010 quue
2474 898 2640 980 viso
2678 903 3067 1006 Trajanus
3099 926 3246 984 ex-

742 1021 1050 1100 clamat
1069 1081 1093 1119 ,
1118 1010 1337 1124 spem
1357 1040 1690 1093 omnem
1710 1010 1808 1092 ab
1820 1008 2215 1120 sumptam
2235 1078 2257 1112 ‚
2282 1015 2364 1090 ni
2384 1007 2737 1096 desertus
2751 1013 2854 1095 ab
2879 1014 3249 1125 Armige-

747 1133 856 1222 τὶς
879 1133 1257 1235 Princeps
1280 1125 1561 1208 saltem
1579 1121 2051 1205 aduenticio
2077 1147 2487 1237 tegeretur
2505 1126 2838 1218 auxilio.
2873 1129 2963 1209 H
2972 1121 3246 1234 oeque

748 1241 1039 1328 audito
1062 1241 1343 1330 Vicit-or
1361 1240 1690 1319 nomine
1713 1239 2019 1320 Comes
2041 1299 2064 1335 ,
2086 1238 2433 1320 Batauos
2452 1239 2535 1317 in
2555 1235 3242 1321 subfidiislocatos

746 1355 969 1448 haud
990 1356 1297 1466 procul,
1317 1346 1420 1432 ad
1446 1352 1962 1459 Imperatoris
1985 1346 2433 1458 praesrdium
2447 1353 2735 1460 raptim
2753 1376 3049 1463 cogere
3068 1377 3242 1458 pro·
3269 1377 3368 1431 ιο

747 1497 1032 1582 perans
1054 1533 1077 1569 ,
1102 1461 1287 1547 cum
1308 1467 1670 1543 inuenire
1707 1464 2117 1542 neminem
2139 1457 2393 1571 poss'et
2409 1525 2434 1565 ‚
2457 1461 2825 1575 gradiens
2843 1459 3056 1546 retro
3075 1460 3234 1542 dis-

747 1580 1015 1664 cessit:
1043 1575 1375 1690 parique
1397 1571 1650 1657 modo
1699 1573 2230 1661 Richomeres
2264 1574 2622 1685 periculo
2656 1574 2906 1659 semet
2941 1580 3241 1657 exemit

746 1708 834 1784 δι
859 1694 1354 1789 Saturninus.
1395 1689 2255 1798 Sequebanturit‘aque
2273 1685 2548 1770 furore
2568 1716 2666 1771 ex
2692 1691 2948 1772 oculis
2965 1690 3239 1778 lucen-

748 1834 835 1891 te
860 1801 1536 1902 Barbarinostros‚
1561 1804 1718 1882 iam
1741 1802 1852 1880 lin
1921 1826 2166 1882 uente
2199 1825 2586 1885 venarum
2621 1804 2887 1883 calore
2920 1826 3242 1913 torpen-

748 1946 870 2003 tes
892 1956 910 2001 :
934 1945 1282 2029 quorum
1319 1916 1569 2022 aliqui
1592 1937 1838 2023 percu
1895 1912 2170 1994 oribus
2203 1912 2618 2014 cadebant*
2641 1917 3007 2015 incertis,
3040 1943 3240 1996 non·
3271 1941 3359 2020 ¹5

753 2034 963 2112 nulli
985 2026 1481 2141 ponderibus
1501 2024 1680 2109 solis
1724 2027 2473 2137 vrgentiumobruti
2497 2093 2523 2128 ‚
2561 2025 2884 2137 ianque
2917 2026 3243 2115 suorum
3275 2073 3282 2084 ·

739 2146 999 2254 aliqui
1017 2138 1426 2227 trucidati:
1450 2167 1597 2221 nec
1617 2140 1835 2220 enim
1856 2137 2055 2248 saepe
2075 2140 2601 2222 renitentibus
2618 2139 3244 2246 cedebatur-,aut

746 2257 1133 2368 parcebat
1153 2252 1643 2336 eaedentibus
1663 2250 2116 2363 quisquam.
2161 2257 2412 2362 Super
2432 2253 2552 2335 his
2570 2253 3096 2339 obstruebant
3115 2258 3241 2354 iti-

749 2395 941 2450 nera
960 2371 1305 2450 iacentes
1324 2367 1558 2449 multi
1580 2363 2451 2466 semineces,cruciatus
2475 2370 2899 2448 vulnerum
2917 2396 3084 2450 non
3111 2364 3237 2450 fe-

746 2508 1011 2576 rentes
1038 2516 1062 2578 :⁴
1079 2508 1261 2562 cum
1285 2479 1577 2590 quibus
1596 2506 1922 2592 aggeres
1948 2505 2284 2590 quoque
2302 2507 2700 2591 equorum
2719 2479 3096 2565 constrati
3113 2487 3236 2565 ca·
3265 2480 3379 2535 ²0

743 2592 1179 2677 daueribus
1199 2621 1525 2702 campos
1544 2587 2008 2701 implerunt.
2044 2595 2399 2676 Diremit
2419 2595 2589 2676 haec
2607 2622 3021 2706 nunquam
3043 2623 3237 2705 pen-

740 2704 1026 2789 sabilia
1048 2704 1339 2789 damna
1366 2714 1389 2804 (
1416 2735 1588 2815 quae
1608 2732 1905 2815 magno
1925 2703 2163 2787 rebus
2202 2705 2481 2788 stetere
2524 2710 2960 2814 Romanis)
3005 2710 3235 2793 nullo

706 2876 721 2883 ψ
747 2819 1177 2930 splendore
1200 2822 1452 2900 lunari
1474 2848 1633 2899 nox
1653 2814 2003 2930 fulgens.
2058 2817 2486 2930 Primitqu'e
2505 2824 2661 2901 cali
2719 2825 2849 2901 ine
2867 2822 3235 2905 tenebra-

745 2940 930 3016 rum'
951 2991 969 3022 ‚
998 2938 1205 3015 inter
1224 2935 1626 3044 gregarios
1649 2936 2093 3042 Imperator
2113 2996 2135 3033 ,
2159 2958 2247 3015 vt
2275 2936 2585 3042 opinari
2627 2850 2972 3019 agimur
2999 2942 3228 3047 (neq3

750 3049 970 3127 enim
993 3044 1068 3125 se
1092 3043 1514 3156 quisquam
1538 3040 1816 3127 vidisse
1836 3109 1856 3144 ‚
1881 3045 2007 3125 vel
2031 3044 2306 3153 praesto
2326 3036 2555 3125 fuisse
2572 3043 3084 3153 affeucrauit)
3111 3047 3228 3129 sa·
3282 3039 3382 3119 ²5

770 3164 777 3171 '
810 3161 956 3240 itta
989 3154 1427 3265 perniciose
1461 3153 1761 3237 saucius
1797 3159 1954 3237 ruit
1991 3191 2009 3237 ε
2050 3156 2481 3266 spirituque
2518 3185 2711 3239 mox
2749 3158 3228 3271 consumpto

750 3186 1084 3353 {eceffit
1116 3336 1138 3372 ,
1175 3297 1324 3350 nec
1358 3267 1628 3377 postea
1663 3295 2018 3377 repertus
2050 3269 2162 3350 est
2194 3266 2555 3377 vsquam2
2598 3271 2985 3354 Hostium
3014 3276 3236 3356 enim

753 3386 1025 3492 paucis
1047 3447 1067 3482 ‚
1094 3379 1759 3493 spoliandigratia
1793 3409 2155 3465 mortuos
2190 3408 2330 3490 per
2362 3408 2455 3462 ea
2484 3383 2670 3465 loca
2705 3383 2846 3465 diu
2877 3384 3272 3488 versatu,-

728 3496 1021 3579 'nullus
1037 3491 1508 3609 fugatorum
1531 3493 1656 3573 vel
1678 3495 2144 3575 accolarum
2161 3498 2354 3576 illuc
2385 3492 2610 3577 adire
2647 3497 2757 3577 est
2793 3496 3046 3580 ausus.
3108 3501 3233 3582 Si-

746 3610 923 3687 mili
943 3607 1176 3690 clade
1199 3605 1594 3694 Caesarem
1615 3608 2067 3715 accepimus
2094 3606 3228 3709 Decium‚dimicantem'cum
3252 3667 3356 3745 30

618 3736 651 3781 ’-
747 3722 1452 3821 Barbarisacriter,
1478 3721 1667 3828 equi
1688 3714 1908 3826 lapsu
1929 3721 2453 3824 prostratum,
2552 3748 2738 3804 uem
2773 3721 3225 3807 feruentem

749 3834 1090 3915 retinere
1112 3864 1276 3915 non
1299 3835 1549 3914 valuit
1568 3894 1591 3931 ‚
1612 3831 1711 3911 ab
1716 3829 2178 3942 jcstumque
2197 3835 2278 3913 in
2295 3836 2485 3944 palu
2545 3863 2679 3915 em
2695 3864 2845 3919 nec
2863 3842 3226 3950 emerge-
3247 3912 3270 3945 ,

666 4020 685 4041 s
745 3973 832 4027 re
854 3947 1229 4055 potuisse,
1253 3973 1401 4026 uec
1428 3947 1797 4045 inueniri.
1848 3946 2010 4048 Alij
2051 3943 2372 4047 dicunt,
2410 3948 2844 4032 Valentem
2872 3952 3220 4043 animam

748 4085 915 4145 non
939 4052 1331 4167 exhalasse
1346 4051 1779 4139 confestim
1803 4118 1818 4143 ,
1842 4054 1979 4137 sed
1999 4072 2187 4139 cuni
2212 4056 2702 4145 Candidatis
2729 4073 2814 4146 δι
2849 4061 3223 4171 spadoni-

749 4178 892 4260 bus
911 4176 1180 4284 paucis
1206 4197 1449 4281 prope
1474 4166 1983 4281 adagrestem
2002 4173 2262 4250 casam
2283 4172 3219 4274 relatum‚secundacon—
3265 4236 3372 4316 35,

747 4282 1197 4399 tignitione
1213 4274 1439 4370 fabre
1454 4288 1851 4366 munitam
1876 4280 2112 4381 ,dum
2144 4278 2475 4383 fouetut
2510 4284 2877 4367 manibus
2908 4290 3223 4398 imperi-

748 4393 1475 4511 rgsstirfumseffum
1493 4395 1594 4499 ab
1612 4391 2341 4509 liostibuanuiess'ot
2362 4398 2922 4523 {gwtssmihtpfi
2936 4464 2962 4505 ,
2975 4399 3226 4499 ,ἀράρῃ

1394 4574 1399 4579 ,
1522 4548 1541 4577 Ι
2485 4548 2492 4559 '
