3746 5175
1008 177 2160 290 LIBERXXVIIII.
2395 181 2428 200 ··
2692 196 2844 312 35,-

356 319 742 429 dulcedo.
766 319 1164 439 ,Ideoque
1192 327 1437 440 pedes
1472 325 1639 412 huc
1671 331 1984 448 &illuc
2016 334 2461 421 exultando
2499 367 2837 448 contorf-

300 445 325 470 ’“
357 452 609 553 quens
630 505 655 543 ,
676 438 958 524 saltare
978 469 1141 523 non
1175 442 1552 526 incedere
1572 441 2001 527 videbatur
2019 446 2271 547 ,dum
2302 450 2674 540 studebat
2707 460 2838 540 in<-

356 582 476 639 ter
490 557 762 640 altaria
780 552 1054 636 celsius
1076 554 1559 667 gradientes,
1580 570 1668 639 vt
1687 555 2028 667 quidam
2048 570 2834 667 memorant,imitari

358 666 928 766 Brachmanas.
997 665 1329 778 Iamque
1363 671 1581 753 lituis
1610 666 1969 752 cladium
1998 681 2675 783 concrepantibus
2707 687 2833 764 in-

235 802 274 879 5
361 805 805 882 ternarum,
854 806 1118 861 rerum
1160 784 1591 864 atrocitate
1623 786 2128 891 torpentibus
2161 790 2461 888 cunetis
2492 856 2516 893 ,
2555 820 2835 904 praetet

354 895 612 977 multa
645 890 898 975 cruda
928 904 1010 977 δι
1039 895 1422 996 immitia,
1443 921 1790 1003 quorum
1825 922 1976 978 nec
2015 896 2420 983 diuersitas
2452 932 2829 1016 compre-

351 1003 604 1087 hendi
634 1034 787 1087 nec
822 1033 1195 1087 numerus
1229 1005 1766 1117 potest‚mots
1790 1013 2085 1093 Marini
2108 1012 2524 1096 causatum
2539 1015 2834 1102 defen-

352 1117 536 1201 soris
573 1120 951 1201 eminuit:
976 1147 1219 1228 quem
1249 1146 1339 1204 vt
1370 1118 1645 1200 ausum
1681 1119 2155 1231 Hispanillae
2189 1125 2605 1220 cuiusdam
2638 1139 2838 1216 arti-1
2881 1127 2884 1130 ’

354 1229 491 1314 bus
527 1236 783 1340 prauis
815 1226 1238 1313 adfectasse
1269 1233 1739 1343 coniugium
1762 1297 1784 1332 ,
1813 1233 2310 1319 transeunter
2337 1239 2827 1331 indiciorum
2927 1299 2933 1306 -

248 1358 330 1416 10
365 1342 511 1427 fide
531 1339 892 1445 discussa,
914 1341 1296 1453 supplicio
1317 1343 1599 1427 lethali
1618 1343 2061 1432 damnauit.
2108 1350 2213 1432 Et
2232 1356 2616 1460 quoniam
2651 1364 2826 1440 cxi-

365 1456 589 1539 stimo
615 1453 948 1558 forsitan
980 1461 1291 1566 aliquos
1329 1454 1499 1538 haec
1534 1457 1875 1538 leEturos
1912 1521 1933 1558 ,
1970 1462 2352 1569 exquisite
2390 1464 2821 1554 scrutando

265 1594 278 1605 ·
368 1596 633 1653 notare
656 1635 681 1672 ,
718 1569 1145 1680 strepentes
1177 1567 1263 1651 id
1297 1561 1752 1650 aetumaeffl:
1788 1572 2039 1682 prius,
2072 1581 2236 1653 n'on
2275 1577 2522 1681 illud,
2560 1569 2699 1667 aut
2731 1614 2826 1668 ea

371 1709 529 1791 quae
556 1680 907 1765 viderint
942 1677 1445 1791 praetermiffa
1482 1718 1502 1765 ε
1534 1681 1912 1765 haetenus
1942 1678 2417 1769 ⁷faciendum
2451 1692 2560 1774 est
2609 1694 2815 1800 satis,

374 1793 581 1902 quod
606 1823 779 1877 non
807 1798 1080 1876 omnia
1124 1821 1449 1905 narratu
1481 1791 1660 1877 sunt
1695 1792 1777 1875 di
1842 1797 1985 1898 na',
2024 1824 2203 1906 quae
2235 1827 2374 1910 pet
2422 1801 2824 1920 squalidas

245 1926 328 2010 ¹5
382 1908 726 1997 tranfiere
760 1904 1165 2019 personas:
1191 1936 1340 1989 nec
1358 1905 1410 1986 fi
1431 1904 1598 1988 fieri
1624 1827 1893 1992 fuissget
1913 1906 2253 2013 necess‘e,
2273 1912 2820 2002 instrutstiones

376 2019 504 2099 vel
534 2022 810 2131 exipfis
829 2020 1233 2105 tabulariis
1266 2018 1773 2130 suppeterent
1807 2022 2143 2131 publicis
2170 2088 2192 2123 ,
2213 2053 2343 2109 tot
2374 2026 2823 2115 calentibus
2915 2133 2920 2138 ‚

364 2133 946 2235 malis,&nouo
984 2126 1255 2215 furore
1278 2132 1432 2226 fine
1463 2135 1912 2218 retinaculo
1947 2138 2121 2215 imis
2140 2132 2441 2221 summa
2479 2140 2828 2226 misceri-
2897 2149 2906 2156 “

361 2270 439 2327 te
456 2274 678 2330 scum
698 2247 1082 2330 iustitium
1104 2243 1255 2327 effe
1276 2243 1502 2356 quod
1521 2249 1989 2348 timebatur,
2013 2276 2176 2329 non
2206 2250 2597 2335 iudicium
2611 2284 2826 2368 aper.

351 2382 429 2439 te
460 2361 888 2445 con'staret.
950 2363 1190 2443 Tunc
1214 2357 1639 2471 Cethegus
1673 2358 1989 2442 senator
2004 2358 2375 2468 adulterij
2399 2395 2572 2448 reus
2591 2367 2824 2455 dela-

210 2500 319 2555 20
350 2463 515 2574 tus,
544 2477 866 2556 ceruice
890 2475 1122 2583 periit
1140 2467 1464 2554 absciffa
1484 2533 1509 2572 ,
1543 2482 1625 2554 δε
1660 2475 1997 2583 Alypius
2028 2473 2321 2558 nobilis
2351 2477 2819 2566 adulescens

342 2585 449 2668 ob
484 2592 763 2670 leuem
787 2589 1180 2699 relegatus
1200 2612 1577 2687 errorem,
1595 2581 1896 2695 aliique
1912 2584 2253 2668 humiles
2276 2579 2596 2698 publica
2609 2620 2822 2676 mor-

334 2726 415 2783 te
434 2704 1018 2813 oppetiuerun't
1041 2735 1059 2782 ε
1084 2702 1162 2779 in
1186 2726 1536 2808 quorum
1554 2695 1909 2800 miseriis,
1930 2700 2151 2781 velut
2172 2696 2283 2779 sui
2301 2701 2492 2812 quis
2537 2734 2637 2785 ue
2661 2704 2822 2788 dis-

329 2814 701 2897 criminis
731 2815 1167 2926 imaginem
1196 2838 1527 2916 cernens
1548 2838 1985 2913 ,tortorem
2020 2822 2100 2895 δι
2121 2814 2440 2896 vincula
2474 2734 2845 2924 somnia-r

324 2927 470 3015 bat
492 2941 580 3015 δι
600 2922 1034 3008 diuersoria
1069 2924 1602 3007 tenebrarum}
1668 2922 1983 3011 Eodem
2006 2953 2367 3035 tempore
2387 2930 2629 3011 etiam
2651 2937 2825 3043 Hy.

100 3052 111 3057 ”
184 3073 283 3151 25
326 3050 553 3148 metij
580 3041 982 3151 praeclarae
1017 3035 1311 3120 indolis
1344 3040 1490 3120 viri
1525 3045 1948 3150 negotium
1984 3039 2527 3126 estaffitatum
2551 3080 2571 3123 t
2597 3046 2821 3132 cuius

326 3154 544 3241 hunc
565 3148 809 3239 fuiffe
839 3154 1211 3234 nouimus
1242 3178 1582 3234 textum.
1622 3155 1845 3236 Cu'm
1867 3149 2154 3235 Africi
2175 3154 2663 3240 Proconsule
2691 3190 2822 3242 re-
2867 3200 2876 3205 ·

330 3295 584 3380 geret,
609 3261 1390 3377 Carthaginensibus
1408 3261 1654 3345 §istus
1671 3267 1807 3346 ino
1816 3268 1960 3375 pia,
1974 3268 2135 3347 iam
2164 3264 2478 3370 laffatis,
2497 3296 2596 3352 ex
2623 3271 2820 3354 hor-

327 3387 476 3467 reis
495 3389 903 3472 Romano
934 3379 1237 3488 populo
1262 3375 1669 3461 destinatis
1701 3377 2203 3462 frumentum
2236 3376 2822 3491 deditxpault‘i-
2911 3420 2915 3427 ·

325 3527 491 3605 que
530 3495 823 3608 postea
856 3520 1047 3573 cum
1078 3486 1562 3600 proueniffet
1606 3490 1968 3603 segetum
2006 3495 2282 3601 copia,
2310 3495 2621 3604 integre
2659 3496 2822 3577 fine

180 3629 281 3708 30
300 3662 307 3669 -
327 3614 491 3694 vlla
520 3609 895 3700 restituit·
915 3632 1164 3685 mora.
1205 3609 1513 3688 Verum
1537 3601 2169 3714 quoniamdenis
2189 3603 2478 3686 modiis
2501 3605 2823 3719 singulis

324 3721 605 3811 solidis
631 3717 1184 3831 indigentibus
1204 3714 1724 3819 venundatis,
1761 3742 2067 3797 emerat
2103 3715 2258 3825 ipse
2297 3721 2848 3822 tricenos,in·‚
2885 3776 2894 3785 -
2949 3724 2966 3733 “

320 3838 719 3949 terprecij
743 3828 1321 3939 compendium
1342 3825 1445 3908 ad
1468 3832 1855 3939 Principis
1889 3833 2247 3911 aerarium
2281 3828 2515 3914 misit.
2573 3820 2832 3943 Ideo-—
2963 3842 2970 3849 ’

311 3939 490 4062 que
523 3946 1150 4037 Valentinianus
1185 3968 1323 4052 pet
1359 3942 2033 4026 nundinationem
2079 3941 2507 4051 suspicatus
2541 3974 2827 4057 parum

310 4065 580 4175 quarn
598 4083 1088 4170 oportuerat
1120 4048 1460 4156 missum,
1485 4082 1668 4136 eum
1702 4055 2109 4138 bonorum
2131 4058 2353 4166 pa‘rte
2375 4058 2828 4141 mulfitauit.

164 4203 255 4285 35
312 4158 463 4264 'Ad
481 4179 742 4260 cuius
762 4167 1082 4253 cladem
1101 4167 1759 4280 exaggerandam,
1784 4164 1866 4247 id
1888 4196 2221 4281 quoque
2240 4167 2522 4275 iisdem,
2539 4168 2828 4256 diebus

305 4289 764 4375 acciderat
794 4313 962 4365 non
992 4284 1250 4362 minus
1284 4283 1634 4363 exitiale.
1680 4284 2112 4364 Amantius
2146 4280 2473 4392 aruspex
2491 4310 2586 4365 ea
2621 4309 2825 4366 tem—

296 4405 640 4521 pestate
698 4425 867 4513 prae
900 4396 1193 4483 ceteris
1239 4421 1480 4483 notus
1511 4459 1537 4501 ,
1578 4396 2031 4481 occultiore
2075 4391 2384 4479 indicio
2408 4393 2827 4507 proditus,
