3746 5175
818 123 821 126 A
914 199 1054 314 ‘358
1342 179 2003 283 AM'MtANt
2087 189 2993 282 MARCELLINI

915 374 1005 427 ra
1042 335 1441 451 reptando
1461 395 1487 442 -,
1520 331 1897 420 nondum
1929 335 2282 419 maiores
2299 334 2676 420 funerum
2705 342 3057 452 excitare
3090 325 3403 452 poterat

914 453 1217 542 causas.
1241 454 1734 562 Principium
1752 475 2031 532 autem
2047 445 2262 532 vnde
2282 449 2519 535 latius
2544 449 2620 533 se
2639 449 3403 555 fiinditabat,emer-

832 595 837 600 ·
918 570 1014 655 fit
1032 598 1132 654 ex
1148 557 1682 680 negotio'tali.
1729 560 1985 650 Chilo
2017 591 2119 645 ex
2150 563 2483 645 Vicario
2519 574 2600 649 δι
2635 563 2990 649 coniunx
3023 571 3190 649 eius
3214 574 3404 657 Ma-

912 686 1137 768 xima
1164 679 1526 800 nomine,
1559 674 1816 816 questi
1831 674 2052 787 apud
2088 675 2527 785 Olybrium
2559 704 2658 758 ea
2684 678 3157 789 tempestate
3193 684 3401 776 Vrbi

919 790 1430 892 Praefefitum,
1450 794 1868 901 vitamque
1889 788 2110 870 suam
2131 791 2458 871 venenis
2478 792 2815 901 petitam
2844 790 3398 899 affeuerantes,
3434 826 3471 906 5

918 897 1457 1018 impetrarunt
1490 928 1583 988 vt
1624 904 1679 1007 ij
1715 930 1925 1015 quos
1958 898 2372 1012 suspeEiati
2419 900 2630 1004 sunt,
2662 905 2882 987 illico
2919 908 3122 1016 rapti
3170 935 3403 989 com·
3655 907 3660 1050 ff

918 1025 1446 1136 pingerentur
1473 1019 1562 1098 in
1597 1017 1927 1099 vincula
1957 1050 1976 1097 z
2010 1020 2468 1128 organarius
2507 1018 2860 1118 Sericus,
2913 1029 2997 1103 δε
3029 1021 3405 1104 Asbolius

918 1134 1379 1249 palaestrita,
1414 1142 1499 1216 δι
1532 1125 1863 1238 aruspex
1897 1125 2393 1237 Campenfis.
2460 1126 2766 1214 Verum
2801 1132 3138 1244 negotio
3171 1158 3409 1243 tepe-

918 1245 1197 1333 scente
1218 1271 1540 1356 propter
1555 1238 2016 1328 diuturnam
2029 1240 2512 1323 morborum
2528 1239 3032 1353 asperitatem
3051 1308 3078 1346 ‚
3101 1274 3263 1354 qua
3284 1273 3407 1331 te-

919 1361 1269 1444 uebatur
1290 1357 2150 1466 Olyb'rius,morarum
2181 1357 2693 1464 impatientes
2726 1355 3016 1467 hi,qui
3045 1384 3220 1440 rem
3262 1358 3406 1442 de·
3455 1397 3532 1454 ω

917 1474 1312 1572 tulerunt,
1331 1471 1614 1551 libello
1634 1471 2094 1578 petiuerupt
2127 1466 2444 1569 oblato,
2466 1495 2554 1551 vt
2591 1467 3210 1552 examinandum
3243 1474 3406 1553 iur-

916 1578 1551 1701 giumPraefesto
1586 1578 2105 1679 mandaretur
2140 1609 2477 1664 annona:
2503 1577 2800 1692 :idque
2829 1579 3090 1670 studio
3125 1587 3408 1666 celeri-

920 1699 1107 1783 tatis
1125 1691 1592 1780 conceffum
1610 1694 1748 1778 est.
1787 1699 2162 1805 Accepta
2192 1695 2443 1807 igitur
2463 1691 2824 1776 nocendi
2857 1699 3188 1780 materia
3214 1701 3408 1783 Ma-

916 1812 1265 1894 ximinus
1301 1803 1591 1892 effudit
1624 1810 2056 1922 genuinam
2091 1804 2527 1909 ferociam,
2561 1808 2861 1915 peetori
2907 1805 3161 1890 crudo
3195 1799 3411 1892 adfii-

912 1951 1108 2009 xam
1134 1958 1153 2003 ε
1175 1948 1263 2006 vt
1283 1921 1482 2032 saepe
1496 1919 1814 2003 faciunt
1831 1916 2537 2033 amphitheatrales
2570 1917 2784 2022 ferae,
2814 1918 3188 2005 diffraffis
3222 1949 3407 2006 tan-2
3445 1951 3512 2033 15

917 2036 1113 2133 dem
1131 2036 1408 2119 solutae
1427 2033 1704 2144 postici
1714 2061 1779 2115 s·
1808 2033 2195 2145 Cumque
2217 2029 2857 2136 multiformiter,
2878 2034 3096 2144 quali
3111 2039 3197 2116 in
3219 2063 3409 2164 pro-

870 2217 889 2223 -
916 2147 1192 2250 ludiis,
1211 2169 1317 2232 ne
1338 2155 1351 2158 ⁷
1373 2141 1645 2231 otium‘
1666 2143 2174 2255 speaaretur,
2200 2158 2282 2231 δι
2303 2144 2637 2256 (Ῑυίἀςιω
2670 2143 2983 2232 sulcatis
3021 2148 3410 2231 lateribus

916 2263 1253 2346 nomina
1318 2287 1459 2343 ent
1477 2258 1788 2343 nobiles
1805 2260 2167 2385 aliquos,
2191 2285 2579 2369 tanquam
2599 2257 2773 2342 vsos
2793 2257 3232 2344 artificibus
3264 2265 3407 2344 lae·

912 2371 1168 2458 dendi
1199 2400 1337 2483 per
1356 2374 1685 2455 clientes
1702 2436 1729 2474 ,
1745 2371 2104 2482 aliosque
2122 2367 2467 2453 humiles
2488 2398 2730 2456 notos
2760 2377 2936 2454 teo's
2957 2384 3044 2458 δι
3061 2372 3399 2476 indices,

912 2485 1144 2597 supra
1179 2487 1536 2598 plantam
1574 2494 1709 2586 (vt
1739 2483 2095 2592 dicitur)
2142 2510 2523 2598 euagatus
2557 2512 2944 2570 tartareus
2981 2490 3407 2601 cognitor,
3450 2520 3538 2578 ιο

910 2602 1309 2684 relatione
1345 2600 1701 2712 maligna
1732 2596 2017 2682 docuit
2056 2600 2550 2708 Principem,
2605 2627 2771 2681 non
2817 2597 2961 2680 nifi
2998 2599 3409 2710 suppliciis

912 2714 1354 2797 acrioribus
1372 2709 1815 2821 perniciosa
1839 2709 2199 2795 facinora
2220 2709 2543 2795 scrutari
2577 2705 2793 2822 poss'e
2811 2715 2940 2809 vel
2974 2713 3407 2818 vindicari,

891 2824 907 2831 ’
975 2853 1094 2908 uae
1119 2830 1402 2910 Romae
1420 2849 1979 2935 perpetrauere
1996 2825 2481 2934 complures.
2531 2827 2690 2912 His
2719 2828 2855 2907 ille
2888 2829 3244 2966 cognitis
3283 2827 3414 2911 ef-

884 2854 1210 3037 ?eratus
1235 2963 1362 3040 ,vt
1392 2963 1562 3020 erat
1593 2965 1776 3021 acer
1809 2940 2192 3031 vitiorum
2222 2940 2594 3031 inimicus
2630 2942 2875 3052 magis
2896 2968 3142 3049 quam
3178 2940 3414 3024 seuea

909 3078 1087 3153 rus,
1129 3077 1290 3133 vno
1326 3053 1561 3167 prolo
1625 3053 1764 3133 uio
1799 3054 1881 3130 in
1915 3048 2378 3133 huiusmodi
2414 3048 2726 3153 causas,
2760 3064 2956 3163 quas
2991 3057 3411 3168 arroganti
3452 3082 3532 3165 25

912 3159 1322 3273 proposito
1357 3079 1781 3246 maieaatis
1810 3166 2254 3248 imminuta:
2291 3162 2680 3247 miscebat
2700 3230 2723 3267 ,
2749 3192 3026 3248 omnes
3057 3195 3266 3279 quos
3297 3171 3416 3251 iu-

892 3278 1014 3373 ‚ris
1036 3276 1270 3388 prisci
1301 3275 1634 3379 iustitia,
1665 3273 2210 3390 diuorfimque
2246 3279 2572 3373 arbitria
2604 3277 3173 3388 quaestionibus
3209 3309 3415 3364 exe-

909 3416 1133 3472 mere
1165 3393 1561 3490 cruentis,
1588 3388 1649 3470 si
1676 3388 2129 3500 postulass'et
2162 3394 2628 3504 negotium,
2665 3391 2937 3474 statuit
2973 3399 3410 3480 tormentis

907 3500 1188 3616 affligi.
1237 3507 1519 3615 thue
1548 3505 2120 3615 congeminata
2162 3502 2506 3613 potestas
2551 3501 2972 3613 ereaaque
3015 3504 3411 3592 sublatius

910 3618 1235 3701 altiores
1272 3610 2798 3728 consarcinaret-aerumnas,Maximino
2839 3624 3124 3703 Romae
3158 3649 3410 3735 agere
3445 3665 3526 3746 30

911 3724 1290 3837 disposito
1310 3755 1453 3838 pro
1475 3722 1880 3813 Praefeffls
1895 3794 1918 3831 ,
1938 3725 2274 3812 sociauit
2289 3727 2394 3812 ad
2416 3729 2589 3812 haec
2608 3729 3408 3846 cognoscenda,quae

906 3843 994 3921 in
1026 3843 1470 3923 multorum
1507 3842 1860 3950 pericula
1902 3840 2447 3951 struebantur,
2504 3848 2872 3928 Leonem
2916 3848 3409 3950 Notarium,

906 3950 1180 4061 postea
1221 3950 1676 4036 officiorum
1714 3957 1859 4041 Ma
1925 3953 2191 4036 istrum
2220 4018 2243 4055 ,
2296 3954 2788 4037 bustuarium
2824 3956 3246 4066 quendam
3285 3963 3416 4043 la-

906 4091 1229 4161 tronem
1267 4066 1772 4147 Pannonium
1808 3983 2214 4152 efflantem
2251 4064 2511 4150 ferino
2560 4070 2759 4150 riEtu
2791 4068 3410 4173 crudelitatem,

904 4179 1150 4263 etiam
1173 4175 1429 4286 ipsum
1464 4176 1995 4280 nihilominus
2027 4179 2360 4263 humani
2393 4178 2791 4295 sanguinis
2826 4183 3406 4269 auidisfimum.
3443 4228 3512 4312 35

904 4294 1165 4377 Auxit
1181 4288 1670 4374 obstinatum
1697 4293 2126 4392 Maximini
2166 4293 2577 4406 ingenium
2609 4292 2714 4379 ad
2750 4293 3218 4382 laedendum
3253 4300 3412 4385 ad-

904 4428 1198 4501 uentus
1216 4403 1556 4525 collegae
1587 4400 1852 4497 similis
1869 4469 1899 4513 ,
1920 4400 2003 4499 δι’
2023 4407 2439 4523 literatum
2466 4437 2660 4499 cum
2684 4413 2964 4529 amflla
2993 4410 3413 4549 dignitate
