3746 5175
473 394 490 401 ν
853 388 972 399 ‚„
1218 241 1676 347 LIBER
1795 251 2185 347 XXII.
2575 365 2578 373 ,
2783 282 2947 392 235⁷·

430 397 866 487 ixmximam
897 419 1249 512 partem,
1291 430 1467 514 quae
1505 403 1918 487 Bruchion
1963 404 2509 517 appellabatur
2533 479 2556 517 ,
2597 416 2935 506 diuturae

423 542 628 598 num
661 512 1193 624 praestantium
1238 512 1660 599 hominum
1712 514 2243 603 domicilium.
2296 524 2534 610 Vnde
2570 532 2913 617 Aristan
3032 605 3036 611 ,

421 627 633 709 chus
651 631 1193 741 grammaticae
1201 631 1322 739 rei
1346 624 1718 711 doetrinis
1736 632 2778 735 excellens‚&Herodianus
2794 677 2906 730 ar.

261 820 270 825 .
423 743 633 824 tium
651 739 1205 824 minutissimus
1237 738 1448 823 scisci
1458 754 1792 844 caton&
1808 740 2576 833 SaccasAmmonius
2600 746 2902 845 Plotini

275 886 330 968 5
423 853 800 965 magister
834 918 858 954 ,
910 851 1207 963 aliique
1241 854 1559 962 plurimi
1590 848 2006 963 scriptores
2042 860 2484 941 multorum
2530 867 2613 944 in
2649 870 2898 955 literis

419 967 826 1049 nobilium
880 963 1323 1048 studiorum
1353 1002 1381 1050 z
1421 964 1642 1049 inter'
1671 980 1877 1076 'quos
1927 964 2510 1057 Chalcenterus
2559 985 2915 1066 eminuit:

418 1077 838 1188 Didymus
871 1143 896 1180 ,
952 1079 1422 1188 multiplicis
1455 1076 1799 1161 scientiae
1832 1083 2077 1189 coepti
2122 1087 2710 1173 memorabilis:
2755 1099 2897 1203 qui

409 1192 690 1273 inillis
735 1188 871 1273 sex
905 1193 1124 1272 libris
1156 1256 1179 1291 ‚
1214 1192 1350 1273 vbi
1398 1218 1979 1300 nonnunquam
2030 1192 2497 1305 imperi-'eae
2529 1205 2913 1288 Tullium.
2962 1290 2967 1297 ,

412 1300 940 1413 reprehendit
971 1364 997 1404 ,
1028 1301 1544 1414 sillographos
1579 1305 1939 1386 imitatus
1967 1302 2387 1416 scriptores
2420 1312 2890 1424 maledicos,

266 1425 386 1511 '10
405 1413 720 1497 iudicio
753 1413 1168 1497 doaarum
1198 1418 1502 1496 aurium
1529 1414 1963 1518 incusatur,
2002 1445 2088 1501 vt
2123 1422 2500 1516 immania
2533 1414 2907 1512 famen-i

269 1531 280 1540 ’
405 1553 595 1609 tem
656 1526 1481 1637 leonem.putredulis
1528 1524 1859 1609 vocibus
1923 1557 2168 1612 vanus
2217 1538 2522 1617 catulus
2569 1530 2917 1654 longius'

402 1641 1060 1723 circumlatratus,
1145 1643 1752 1751 &quanquam
1808 1668 2351 1727 veteres-cum
2390 1650 2480 1727 iis
2528 1659 2877 1759 quorum

405 1755 810 1854 memini,
856 1753 1192 1836 floruere
1242 1755 1693 1862 complures
1727 1818 1752 1854 ‚
1801 1748 2076 1837 tamen
2127 1783 2231 1836 ne
2277 1762 2495 1841 nunc
2545 1767 2877 1870 quidem

409 1867 496 1944 in
525 1863 813 1948 eadem
846 1866 1038 1948 vrbe
1089 1866 1465 1963 doffrinae
1494 1870 1721 1949 variae
1764 1866 1994 1949 silent
2030 1904 2046 1947 :
2082 1896 2271 1948 nam
2307 1882 2391 1953 &t
2427 1869 2882 1981 disciplina-

229 1989 365 2098 ·‘15
407 2004 583 2058 rum
621 1978 975 2091 magistri
1009 1977 1623 2090 quodammodo
1657 1979 1955 2089 spirant
1983 2046 2006 2082 ‚
2039 1991 2129 2065 ’δε
2161 1979 2505 2065 nudatur
2536 1984 2649 2063 ibi
2681 2016 2895 2099 geo-.

399 2095 753 2174 metrico
781 2091 1008 2189 radio
1040 2090 1441 2202 quidquid
1475 2090 1991 2188 reconditum
2043 2094 2242 2177 latet
2270 2158 2294 2194 ‚
2345 2095 2879 2209 nondumque

393 2203 623 2315 apud
658 2233 792 2286 eos
834 2208 1144 2315 penitus
1197 2208 1496 2287 exaruit
1545 2202 1891 2307 musica,
1942 2232 2090 2286 nec
2144 2206 2563 2295 harmonia
2611 2217 2880 2296 conti-

404 2321 582 2402 cuit
609 2383 636 2421 ,
685 2330 770 2402 δε
804 2321 1108 2425 recalet
1132 2316 1348 2428 apud
1386 2316 1776 2428 quosdam
1810 2315 2078 2400 adhuc
2114 2321 2306 2402 licet
2352 2348 2561 2404 atros
2594 2387 2617 2422 ,
2672 2351 2879 2405 con-

407 2427 774 2515 sideratio
810 2429 1194 2513 mundani
1224 2441 1589 2514 motus&
1613 2426 1999 2532 siderum,
2020 2430 2401 2542 dostique
2440 2434 2619 2516 sunt
2651 2435 2877 2535 haud

235 2554 375 2638 '20
398 2570 771 2628 numeros
807 2548 1080 2656 pauci:
1122 2543 1348 2655 super
1395 2544 1519 2626 his
1567 2536 1983 2640 seientiam
2026 2545 2386 2644 callent,
2429 2576 2611 2656 ,quae
2656 2542 2871 2633 fato-

387 2686 577 2741 rum
613 2656 1184 2754 vias'ostendit.
1281 2655 1720 2742 Medicinae
1765 2683 2034 2739 autem
2070 2721 2096 2756 ,
2155 2659 2376 2736 cuius
2408 2662 2492 2738 in
2526 2660 2676 2741 hac
2709 2665 2872 2744 vira

380 2771 654 2856 nostra
689 2838 712 2874 ,
762 2799 918 2853 nec
965 2800 1198 2881 parca
1248 2777 1399 2851 nec
1454 2767 1748 2869 sobria,
1800 2766 2339 2851 desiderantur
2381 2769 2871 2858 adminicula
2990 2817 2997 2830 ·

386 2887 715 2986 crebra,
753 2888 864 2967 ita
904 2883 1154 2967 studia
1184 2910 1576 2995 augentur
1612 2887 1695 2961 in
1729 2878 1896 2962 dies
1935 2947 1958 2984 ‚
1994 2907 2085 2965 vt
2117 2885 2309 2966 licet
2356 2914 2553 2994 opus
2604 2885 2868 2994 ipsum

390 2996 806 3099 redoleat,
839 3026 982 3106 pro
1016 3001 1546 3079 omniaeamen
1575 2990 2128 3105 experimento
2162 2993 2493 3079 sufficiat
2536 2997 2863 3080 medico

257 3141 360 3220 25
396 3110 498 3193 ad
549 3107 1508 3194 commendandamar‘tis
1559 3112 2120 3191 auetoritatem
2165 3170 2189 3208 ‚
2253 3107 2326 3187 si·
2358 3108 2864 3193 Alexandriae

394 3223 473 3307 se
509 3225 806 3307 dixerit
846 3224 1252 3305 cruditum
1287 3259 1306 3302 ε
1348 3237 1428 3307 δε
1482 3223 1650 3304 haec
1704 3219 2037 3331 quidem
2105 3221 2504 3304 haetenus.
2600 3221 2759 3304 Sed
2811 3223 2887 3302 fi=

388 3335 906 3451 intelligendi
944 3335 1195 3419 diuini
1245 3334 1688 3424 aditionem
1741 3337 2277 3442 multiplicem
2316 3398 2339 3434 ,
2392 3347 2474 3417 δι
2530 3332 2865 3443 praesen-

389 3449 708 3532 fionum
740 3454 1135 3563 originem
1165 3514 1190 3549 ‚
1238 3475 1513 3530 mente
1559 3473 1846 3557 vegeta
1893 3445 2310 3557 quisquam
2344 3448 2690 3529 voluerit
2739 3472 2865 3524 re*-

387 3566 692 3674 plicarc
726 3630 745 3664 ,
799 3593 936 3673 per
986 3560 1382 3642 mundum
1411 3588 1738 3639 omnem
1769 3562 2131 3640 inueniet
2174 3557 2672 3639 mathemata
2706 3556 2862 3635 hu-

223 3714 346 3792 30
388 3674 738 3757 iusmodi
774 3680 872 3759 ab
912 3681 1274 3788 AEgypto
1313 3673 1808 3754 circumlata.
1873 3674 2049 3752 Hic
2091 3673 2440 3777 primum
2495 3669 2871 3748 homines
2924 3731 2937 3743 .

385 3792 638 3901 longe
669 3817 855 3872 ante
891 3793 1085 3869 alios
1120 3786 1226 3868 ad
1263 3789 1472 3868 varia
1510 3787 1997 3896 religionum
2041 3781 2535 3861 incunabula
2569 3787 2704 3878 (vt
2736 3779 2863 3863 di-

388 3907 647 4006 citur)
673 3911 1353 4011 peruenerunt,&
1389 3901 1613 3978 initia
1640 3901 1890 4005 prima
1925 3895 2321 3975 sacrorum
2356 3920 2590 3976 caute
2629 3889 2863 3978 tuen*-

392 4045 522 4100 tut
556 4012 894 4099 condita
928 4009 1193 4093 scribis
1230 4015 1561 4091 arcanis.
1618 4015 1804 4092 Hac
1841 4008 2241 4090 institutus
2266 4004 2687 4115 prudentia
2711 4009 2861 4114 Py-

385 4123 773 4244 thagoras
820 4130 1099 4209 colens
1132 4122 1499 4205 secretius
1539 4118 1776 4219 deos,
1829 4117 2239 4230 quidquid
2286 4118 2492 4200 dixit
2540 4147 2677 4200 aut
2710 4145 2860 4196 vo-

233 4250 342 4357 '35
390 4250 544 4328 luit
577 4310 601 4345 ‚
646 4242 1214 4323 auctoritatem
1262 4232 1414 4317 effe
1459 4235 2100 4318 instituitssratam
2129 4297 2152 4332 ,
2207 4243 2284 4314 Sc
2323 4229 2590 4311 femur
2638 4228 2866 4310 suum

387 4383 732 4441 aureum
765 4349 1480 4463 apud'Olympiam
1513 4345 1708 4456 saepe
1739 4345 2273 4445 monstrabat,
2297 4354 2381 4423 &t
2414 4368 2601 4420 cum
2636 4341 2871 4447 aqui·-

385 4475 480 4553 la.
527 4466 1013 4578 colloquens
1048 4457 1383 4544 subinde
1418 4456 1843 4544 visebatur.
1920 4460 2150 4541 Hinc
2192 4462 2710 4564 Anaxagoras
2746 4451 2871 4566 la:

1693 4629 1708 4666 ,
2185 4564 2509 4676 Ggij‘
