3746 5175
1109 272 1116 279 -
1227 222 1705 315 tinen
1821 226 2225 326 xxm
2313 262 2323 281 ·=
2813 258 3091 372 ἡ.

449 364 1041 459 iustihomines
1049 358 1746 485 ,placiditateque
1767 401 1870 457 co
1930 381 2083 466 niti
2102 447 2127 485 ,
2146 411 2355 496 quos
2386 413 2666 477 amnes
2684 397 2962 486 Chro-

454 494 647 571 nius
661 497 746 571 δι
763 480 1027 569 Bisula
1064 484 1614 596 praeterfluunt
1636 523 1655 570 ε
1678 489 2067 602 iuxtaque
2082 494 2576 615 Massagetae,
2602 511 2846 596 Alani
2869 529 2957 605 δε

469 603 876 700 Sarmatas,
908 595 1217 709 aliique
1249 599 1710 712 complures
1742 600 2100 687 obscuri:
2128 638 2478 721 quorum
2513 648 2666 704 nec
2705 653 2957 730 voca-‚-
3078 676 3087 683 ·

470 713 661 798 bula
692 710 927 794 nobis
962 708 1147 796 sunt
1175 739 1417 816 nota,
1436 732 1590 797 nec
1619 741 1913 803 mores,
1976 722 2416 827 Interjefim
2440 727 2742 819 deinde
2774 766 2945 826 non

313 828 367 938 '5
455 822 858 909 mediocri
879 825 1339 910 Carcinites
1369 825 1751 937 panditur
1784 827 1987 914 finus
2006 897 2030 935 ,
2048 833 2573 953 eiusdemque
2592 856 2945 940 nominis
2982 904 2985 909 -

437 938 739 1024 fluuius
756 971 782 1020 ε
807 950 893 1024 δε
908 936 1319 1052 religiosus
1352 966 1637 1050 pereas
1655 968 1899 1025 terras
1922 947 2220 1031 Triuiae
2238 951 2495 1035 lucus.
2531 962 2755 1042 Dein
2778 969 2943 1047 Bo-

429 1052 855 1167 rysthenes
879 1050 925 1134 ὶ
942 1050 1362 1136 montibus
1391 1054 2151 1143 oriens'Neuromm
2171 1123 2195 1163 ,
2218 1066 2714 1181 primigeniis
2747 1071 2941 1167 fon-

429 1167 657 1252 tibus
686 1162 1068 1277 copiosus
1085 1229 1111 1268 ,
1152 1164 1711 1280 concursuque
1761 1173 2207 1256 multorum
2256 1183 2619 1264 amnium
2656 1182 2938 1271 adole-

435 1276 666 1363 scens
687 1344 713 1382 ,
740 1281 946 1360 mari
976 1280 1384 1388 praeruptis
1402 1278 1799 1366 vndaturn
1834 1284 2274 1377 ¹'verticibus
2302 1293 2766 1382 intimatur:
2787 1287 2933 1384 cu-

310 1392 417 1482 ἰο
444 1393 563 1474 ius
580 1396 666 1474 in
683 1392 1177 1506 marginibus
1197 1392 1628 1475 nemorosis
1653 1397 2175 1503 Borysthenes
2196 1399 2310 1484 est
2330 1407 2732 1512 ciuitas,&
2752 1417 2831 1500 C
2840 1441 2935 1497 e..

443 1502 921 1616 phalonesos
942 1568 966 1608 ‚
989 1516 1074 1591 δι’
1102 1531 1251 1590 arae
1272 1504 1748 1591 Alexandro
1767 1513 2082 1622 Magno
2105 1513 2611 1631 ,Caesarique
2638 1530 2928 1641 Augu-

442 1615 570 1700 sto
589 1613 925 1703 sacratas.
968 1624 1258 1733 Longo
1281 1618 1574 1701 exinde
1591 1622 2025 1705 interuallo
2047 1624 2256 1708 bene
2274 1628 2386 1711 est
2401 1631 2657 1716 insula
2671 1665 2924 1748 quarn

428 1731 814 1817 incolunt
833 1729 1066 1816 Sindi
1098 1730 1529 1845 ignobiles,
1549 1733 1725 1843 post
1740 1732 2030 1817 heriles
2061 1737 2145 1817 in
2167 1737 2353 1824 Asu
2374 1741 2597 1828 casus
2630 1754 2924 1845 coniu÷

429 1846 586 1957 giis
601 1847 850 1956 potiti
867 1843 1400 1929 dominorum
1419 1858 1503 1930 δι
1537 1847 1816 1930 rebus:
1839 1849 2136 1958 quibus
2170 1847 2622 1942 subiectum
2650 1868 2917 1972 graci-

267 1989 380 2077 ¹5
430 1958 507 2038 le
535 1957 813 2062 littus,
853 1958 1281 2044 Achilleos
1313 1984 1614 2042 vocant
1644 1957 2057 2076 indigenae
2091 1959 2483 2071 dromon,
2518 1974 2918 2059 exercitiis

421 2067 658 2154 ducis
693 2068 1119 2184 quondam
1153 2064 1510 2159 Theffali
1549 2073 2202 2160 memorabilem.
2256 2075 2520 2190 Eique
2550 2086 2917 2192 proxima

419 2181 538 2266 est
553 2187 841 2269 ciuitas
863 2191 1122 2298 Tyros
1139 2186 1469 2274 colonia
1489 2185 1998 2289 Phoenicum,
2020 2217 2268 2301 quam
2284 2194 2751 2310 praestringit
2771 2196 2916 2280 flu-

410 2299 698 2383 uiusT
755 2326 906 2381 ras.
974 2304 1066 2384 In
1100 2296 1376 2383 medio
1412 2326 1685 2382 autem
1721 2298 1978 2411 spatio
2032 2306 2549 2418 arcus,quod
2584 2312 2912 2421 prolixae

413 2437 664 2495 rotun
729 2415 946 2497 itatis
982 2407 1139 2496 effe
1173 2408 1723 2524 praediximus,
1763 2412 2158 2525 quodque
2198 2416 2586 2528 expedito
2622 2427 2914 2509 viatori

245 2548 384 2620 ‘20
415 2522 711 2610 diebus
739 2523 1174 2610 conficitur
1188 2522 1696 2641 quindecim,
1724 2529 2093 2636 Europaei
2126 2529 2307 2616 sunt
2328 2533 2598 2632 Alani,
2622 2548 2707 2622 δε
2729 2541 2912 2624 Co-

409 2639 796 2742 stobocae,
813 2637 1264 2754 gentesque
1289 2637 1774 2751 Scytharum
1790 2642 2271 2746 innumerae,
2286 2671 2465 2754 quae
2481 2639 2911 2761 porrigun-

403 2777 554 2840 tur
566 2751 929 2866 adusque
951 2779 1192 2840 terras
1218 2753 1373 2835 fine
1390 2755 1728 2866 cognito
1750 2750 1909 2835 fine
1930 2749 2306 2840 distentas
2326 2792 2346 2838 ε
2370 2785 2712 2869 quarum
2733 2788 2908 2870 pars

408 2870 711 2981 exigua
729 2865 1098 2981 frugibus
1117 2869 1357 2952 alitur
1381 2864 1744 2951 :refiduae
1762 2894 2042 2948 omnes
2060 2870 2425 2977 palantes
2448 2899 2586 2980 per
2618 2869 2904 2957 solitu·

411 2979 650 3064 dines
665 2978 916 3063 vastas
938 3009 1132 3084 ,nec
1167 2980 1448 3064 stiuam
1465 2978 2113 3093 aliquand0,nec
2145 2979 2588 3090 sementem
2620 3012 2905 3097 exper-
3030 3047 3038 3056 .

281 3117 370 3204 25
409 3121 575 3200 tas,
612 3088 751 3176 sed
779 3092 1233 3205 squalentes
1263 3106 1347 3180 δί
1383 3091 1789 3206 pruinosas
1827 3159 1851 3197 ,
1903 3090 2259 3177 ferarum
2296 3122 2508 3180 tetro
2555 3100 2718 3181 ritu
2763 3127 2901 3183 ve-

403 3206 739 3314 scuntur
755 3241 782 3292 z
807 3205 1080 3318 eisque
1101 3219 1503 3309 caritates,
1531 3220 1613 3292 δι
1634 3206 2139 3310 habitacula,
2159 3206 2531 3320 vilesque
2553 3209 2903 3323 supelle-

403 3324 638 3406 &iles
655 3319 1010 3433 plaustris
1030 3319 1414 3432 impolitae
1434 3318 1613 3406 sunt
1628 3320 2072 3427 corticibus
2102 3323 2327 3405 tectis
2351 3334 2483 3409 t&
2501 3352 2689 3407 cum
2726 3327 2903 3436 pla:-

407 3427 674 3519 cuerit
711 3433 866 3517 fine
886 3431 1312 3518 obstaculo
1330 3438 1682 3548 migrant
1698 3496 1723 3528 ‚
1744 3431 2031 3515 eadem
2052 3461 2433 3547 carpenta
2451 3437 2621 3547 quo
2639 3436 2902 3520 libue-

409 3552 526 3634 rit
539 3551 1151 3632 conuoluentes.
1179 3550 1406 3635 'Cum
1427 3573 1702 3633 autem
1716 3544 1824 3629 ad
1856 3548 2105 3628 alium
2132 3547 2606 3656 portuosum
2639 3549 2902 3642 ambi-

265 3685 366 3775 30
415 3687 598 3750 tum
635 3660 878 3745 fuerit
916 3687 1294 3764 ventum,
1330 3664 1471 3773 qui
1517 3679 1746 3744 arcus
1775 3657 2119 3773 figuram
2169 3659 2660 3745 determinat
2708 3663 2900 3748 vlti-

403 3801 634 3861 ωιτη
656 3841 678 3879 ,
705 3777 975 3858 Peuce
1009 3779 1418 3886 prominet
1453 3773 1707 3858 insula
1728 3837 1750 3876 ,
1772 3801 2022 3885 quam
2055 3776 2653 3859 circumcolunt
2683 3779 2899 3861 Tro-

357 3945 372 3956 ·
459 3890 766 4003 lodytae
791 3901 871 3974 δι
895 3890 1143 3971 Peuci
1174 3885 1689 3999 minoresque
1721 3890 1893 3970 aliae
1909 3913 2238 4003 gentes:
2263 3900 2345 3973 δι
2367 3886 2602 3992 Istros
2634 3916 2893 4002 quon·

521 4033 601 4087 m
637 4000 1182 4117 potentiffima
1215 4005 1500 4088 ciuitas
1521 4065 1544 4103 ,
1567 4014 1648 4087 δέ
1672 4003 1968 4104 Tomi,
1990 4012 2073 4085 δι
2096 4001 2544 4113 Apollonia
2561 4017 2693 4106 ,oc
2717 4010 2894 4090 An-

403 4119 839 4221 chialos,&
853 4111 1193 4199 Odiffos
1213 4153 1233 4201 ε
1259 4118 1429 4199 aliae
1451 4141 1832 4227 praeterea
1851 4116 2156 4218 multat,
2178 4145 2374 4228 quas
2397 4118 2672 4200 littora
2692 4143 2897 4196 con-

225 4229 348 4347 &
405 4237 673 4317 tinent
705 4229 1270 4320 Thraciarum.
1336 4233 1624 4314 Amnis
1659 4230 1853 4312 vero
1890 4229 2320 4316 Danubius
2349 4232 2613 4310 oriens
2644 4253 2902 4338 prope

401 4350 825 4434 Rauracos
860 4368 1225 4446 montes,
1250 4343 1608 4427 confines
1642 4343 2037 4428 limitibus
2062 4333 2937 4453 Rliaeticis,pcrlatio-'

405 4483 583 4545 sem
598 4461 890 4546 orbem
908 4482 1361 4570 protentus,
1377 4486 1473 4542 ac
1491 4449 2663 4655 sexaginta-nauigabilezpene
2689 4449 2902 4570 reci-3

2505 4593 2557 4653 e
