3746 5175
1156 193 1652 286 -Lrnzn
1754 151 2317 287 xx1x...·‘
2393 207 2404 218 ·
2475 209 2571 280 κ·
2755 235 2902 305 m

411 341 625 444 nior,
660 339 920 452 prima
949 338 1378 426 etiamtum
1409 339 1789 455 lanugine
1823 345 2132 436 iuuenis
2157 411 2180 447 ,
2203 346 2586 459 Princeps
2619 352 2896 462 postea
2965 405 2972 432 2

404 451 1095 565 perspeffiflimus,
1131 457 1526 540 Sarmatas
1560 458 1859 538 liberos
1895 454 2001 541 ad
2023 457 2585 544 discretionem
2619 464 2895 546 seruo-

406 593 585 652 rum
608 567 1031 651 rebellium
1050 571 1499 680 appellatos
1519 633 1545 672 ,
1565 571 2019 653 conlimitia
2054 571 2324 666 nostra,
2349 601 2445 655 ex
2462 577 2619 657 alio
2639 580 2890 661 latere

406 678 880 763 inuadentes
902 745 929 784 ‚
959 682 1447 792 aliquotiens
1483 685 1795 791 expulit
1838 695 1923 768 δε
1955 682 2310 786 adflixit,
2348 687 2888 800 congressibus

318 826 363 902 ςι
408 790 656 875 densis
678 791 1018 877 adtritos
1040 829 1060 876 ε
1081 794 1465 918 adeoque:
1478 791 1939 879 bbfistentes
1959 792 2378 884 fortiffime
2399 802 2669 886 turbas
2689 829 2894 883 con-

401 903 737 990 fluentes
770 906 1147 1022 oppressir
1168 935 1298 1010 ,vt
1334 908 1722 991 caesorum
1752 911 2189 1019 plurimum
2218 914 2445 994 alites
2478 913 2671 995 iuste
2710 913 2890 994 san-

310 1097 315 1102 .
411 1021 653 1133 guine
690 1017 1009 1104 satiaret
1042 1033 1126 1105 ὅτ.
1161 1016 1399 1103 feras.
1463 1020 1706 1107 Vnde
1737 1017 2023 1106 refidm'
2076 1051 2397 1107 tumore
2439 1026 2602 1107 iam
2638 1023 2890 1110 defla-

403 1160 679 1246 grante
697 1159 1301 1234 metuentes‚ne
1318 1132 1538 1216 idem
1559 1133 1724 1217 dux
1745 1202 1767 1236 ,
1795 1137 2617 1248 virtutisvt-apparuit
2644 1165 2917 1248 expe--

406 1242 635 1346 dirae,
658 1250 736 1326 in
768 1249 1026 1356 primo
1064 1245 1346 1328 finium
1381 1244 1612 1352 aditu
1643 1245 2137 1332 incursantes
2170 1279 2478 1349 cuneos
2512 1245 2891 1334 sterneret

308 1387 384 1442 ιο
405 1385 545 1441 aur
560 1353 911 1470 fugaret,
931 1361 1060 1440 vel
1091 1357 1407 1442 infidias
1425 1387 1564 1469 per
1583 1355 1956 1456 siluarum
1991 1365 2304 1452 locaret
2332 1365 2694 1463 occulta,
2715 1364 2889 1476 post

406 1475 706 1554 multos
721 1471 1288 1584 perrumpendi
1308 1501 1646 1558 conatus
1682 1472 2022 1558 subinde
2059 1501 2413 1559 tentatos
2449 1473 2832 1558 incassum
2855 1541 2879 1576 ,

403 1586 709 1667 abiecta
745 1583 1158 1700 pugnandi
1193 1582 1493 1668 fiducia
1529 1585 2123 1691 coneeffionem
2156 1591 2513 1698 petinere
2534 1593 2888 1699 praeteri-

352 1757 357 1764 -
406 1723 679 1780 torum
713 1712 797 1784 δι
827 1701 1186 1782 veniam:
1212 1696 1561 1808 νίἃίςιιο
1592 1696 1697 1779 ad
1732 1726 2050 1809 tempus
2087 1696 2415 1810 indultae
2444 1698 2887 1784 foederibus
3006 1703 3010 1708 ’

395 1814 623 1921 ‚pacis
642 1811 1107 1924 nihilegere
1127 1815 1652 1913 contrarium,
1673 1838 1777 1892 eo
1796 1813 2147 1893 maxime
2181 1814 2470 1894 timore
2507 1815 2840 1924 perculsi
2863 1878 2889 1912 ,

291 1946 360 2030 15
411 1922 639 2035 quod
654 1923 765 2016 ad
784 1927 1124 2008 tutelam
1154 1925 1477 2034 Illyrici,
1494 1927 1898 2009 Gallicani
1930 1927 2210 2006 militis
2231 1923 2593 2030 validum
2623 1925 2893 2008 acces-

405 2036 608 2146 serat
642 2039 915 2122 robur.
954 2041 1216 2138 ‘Dum
1235 2036 1406 2144 haec
1427 2064 1556 2120 tot
1589 2066 1681 2119 ac
1715 2039 1905 2122 talia
1925 2065 2063 2148 per
2094 2037 2451 2128 turbines
2483 2041 2894 2151 agitantur

402 2149 746 2234 affiduos
769 2216 792 2254 ‚
830 2146 1191 2237 Claudio
1225 2177 1557 2263 regente
1589 2151 1901 2236 Vrbem
1937 2177 2318 2238 :eternam
2350 2215 2375 2253 ,
2397 2152 2715 2236 Tiberis
2752 2152 2897 2264 qui

380 2264 679 2348 ·media
715 2255 1194 2366 intersecans
1230 2266 1526 2347 moenia
1559 2266 1957 2348 cloacis&
1992 2262 2251 2346 fluuiis
2283 2261 2893 2372 abundantibus

404 2382 682 2462 multis
709 2377 1134 2487 Tyrrheno
1156 2380 1352 2458 mari
1373 2372 2168 2478 miscetur,effulione
2181 2376 2571 2460 imbrium
2589 2376 2892 2474 exube-

204 2511 217 2525 ’
277 2521 373 2576 20
401 2520 587 2577 rans
620 2495 912 2594 nimia,
949 2504 1031 2576 δι
1070 2489 1292 2600 supra
1329 2492 1581 2601 amnis
1618 2489 1967 2600 speciem
2005 2490 2329 2599 pansu5‚
2370 2493 2649 2570 omnia
2685 2484 2889 2600 pene

400 2612 833 2704 conterit(
876 2609 978 2688 Et
1010 2605 1918 2716 stagnantibus'ciuitatis
1951 2600 2276 2705 refiduis
2300 2604 2678 2683 membris
2712 2630 2889 2712 quae
2933 2692 2940 2699 ί

396 2719 854 2829 tenduntur
887 2722 972 2799 in
1005 2719 1428 2831 planitiem
1465 2719 1969 2818 molliorem,
1999 2741 2320 2796 montes
2353 2713 2499 2795 soli
2530 2726 2614 2798 δε
2648 2711 2893 2824 quid-

460 2831 1065 2917 uidinsularum
1096 2827 1375 2933 celsius
1407 2829 1863 2940 eminebat,
1885 2828 1930 2911 a
2019 2825 2322 2910 raesenti
2350 2853 2576 2910 metu
2598 2822 2892 2909 defen-

393 2864 1021 3047 debaturtssrzne
1037 2944 1275 3026 multi
1301 2939 1573 3027 inedia
1591 2859 2687 3039 contabescerennvndarfim
2721 2967 2896 3020 ma·-
2963 2970 2966 2979 ·

259 3084 345 3162 25
390 3059 836 3178 gnitudine
870 3055 1256 3168 nusquam
1290 3040 1668 3169 progredi
1708 3057 2224 3164 per-mittente
2247 3118 2268 3153 ‚
2292 3054 2580 3135 lembis
2605 3066 2684 3138 δι
2723 3051 2893 3134 sca-

386 3177 583 3293 phis
634 3176 874 3283 copia
908 3168 1481 3285 suggerebatur
1523 3167 1847 3253 abunde
1899 3164 2300 3249 ciborum.
2360 3172 2482 3250 At
2516 3167 2710 3276 verb
2757 3166 2895 3257 ybi
2979 3200 2986 3207 ·

388 3286 833 3399 tempestas
871 3285 1373 3382 molliuit,&
1395 3281 1694 3364 flumen
1732 3283 2191 3364 retinaculis
2229 3284 2478 3389 ruptis
2511 3277 2752 3362 rediit
2779 3275 2892 3360 ad

390 3395 737 3486 solitum
757 3394 1100 3500 cursum,
1125 3394 1466 3491 absterso
1483 3423 1708 3478 meru
1740 3395 1945 3477 nihil
1983 3393 2253 3504 postea
2286 3392 2713 3473 molestum
2752 3419 2897 3472 ex·

394 3513 905 3627 pectabatur.
969 3514 1138 3596 Hic
1178 3506 1338 3619 ipse
1381 3506 1803 3592 Praefee'ms
1852 3511 2022 3621 egit
2067 3503 2516 3588 admodum
2569 3506 2889 3619 quiete,

264 3634 364 3724 301
396 3632 725 3711 nullam
747 3622 1226 3707 seditionem
1247 3620 1469 3731 super
1491 3626 1819 3732 querela
1835 3620 2031 3701 iusta
2052 3613 2482 3728 perpeffus:
2508 3626 2589 3698 δι
2612 3615 2898 3695 instau-

392 3747 621 3824 rauit
668 3766 938 3822 vetera
986 3739 1345 3847 plurima.
1415 3740 1637 3819 Inter
1672 3762 1857 3847 quae·
1889 3735 2293 3842 porticum
2344 3731 2735 3811 excitauit
2768 3729 2897 3807 in·-

397 3878 744 3968 gentem
763 3917 787 3954 ,
810 3855 1132 3933 lauacro
1154 3851 1532 3963 Agrippae
1566 3851 2040 3960 contiguam
2066 3908 2086 3943 ‚
2112 3846 2466 3927 Euentus
2508 3844 2713 3925 Boni
2747 3870 2925 3924 cos

400 3964 976 4081 gnominatam
1021 4031 1046 4069 ‚
1090 3992 1188 4047 ea
1235 3990 1319 4044 re
1367 3958 1602 4074 quod
1654 3962 1887 4043 huius
1939 3958 2282 4041 nominis
2327 3982 2578 4067 prope
2628 3954 2897 4038 visitur
3023 4014 3028 4025 ἶ

402 4084 852 4191 templum.

1068 4309 1603 4409 Examen·
1674 4324 2249 4387 1.-1=.xx1x.

2134 4514 2318 4607 Fff
2392 4521 2462 4641 ¹³,—
